2896 4978
234 248 298 334 576
699 249 856 316 INDEX

236 417 394 505 κατηγορία
407 421 465 493 τοῖς
478 417 567 505 έργοις
582 422 666 484 αὐτοῦ
682 438 756 508 230,
773 439 803 486 2.
848 422 929 496 οὸθεὸς
944 420 1052 484 πάποτε
1070 425 1216 506 ὁμολογῶν
1228 421 1332 486 amb

235 507 358 570 έάλοοκεν
378 507 455 586 408,
472 526 501 590 9.
535 523 629 585 1014,
647 523 699 590 27.
742 509 961 590 ὁμολογηθεισῶν
985 507 1052 590 [τῶν
1070 505 1176 604 χολὸαιν
1194 508 1333 590 δραχμῶν
1439 503 1442 574 ,ἕ

260 593 328 676 uta]
346 594 501 670 ἀπολαβεῖν
517 589 599 674 [scil.
612 593 675 677 ἐμὲ]
692 591 756 656 ὁταν
771 597 785 655 ὁ
801 599 843 656 Π.
859 589 988 666 ἂποθάνη.
1009 613 1082 654 cum
1091 605 1174 655 mter
1187 613 1245 654 noa
1259 613 1334 654 con-
1439 593 1442 668 ,ἴ

235 614 357 742 {ictum
370 691 460 754 esset,
476 688 514 740 ut
526 699 585 764 ego
599 677 656 741 has
672 677 756 742 mille
775 677 940 742 drachmas
959 655 1031 764 boet
1051 699 1212 742 excessum
1236 675 1334 762 Poly·
1441 677 1442 690 ¹

236 762 321 827 aucti
335 762 463 825 demum
477 762 590 826 ferrem
609 782 702 847 1029,
721 784 772 845 14.
817 765 869 826 οὐδ’
884 768 1057 846 ὁμολογῆσαι
1071 763 1246 847 περὶτούτων
1261 765 1335 825 οὸὁε-
1441 775 1442 838 7

236 849 277 924 νὸς
293 847 367 929 840,
386 867 414 914 2.
446 847 630 928 006111λὶ580,
654 849 803 938 recepisse
824 872 868 913 se.
896 852 1068 932 οὸμολογεῖτο
1090 852 1128 911 τοὶ
1150 852 1256 928 σημεῖα
1276 857 1333 912 τεῖνε
1439 842 1443 923 Ῐ

236 935 416 1021 γραμμάτων
439 935 489 998 ὁπὸ
512 940 559 1010 τῆς
577 937 707 1019 γυναοκὸς
734 951 828 1020 1035,
853 950 902 1019 17.
946 933 1168 1018 ὁμολογουμένας
1184 931 1332 1008 πεπσὸηπαο
1438 942 1442 1011 2

236 1019 380 1097 συνθήκας.
397 1020 584 1106 abutraque
594 1033 682 1106 parte
696 1021 898 1108 comprobata
911 1034 943 1083 et
957 1042 1015 1106 pro
1028 1019 1102 1084 ratis
1116 1018 1334 1106 habitapam
1437 1014 1443 1084 ’,

238 1124 277 1190 25
280 1125 312 1190 5,
324 1107 535 1184 6.επολιπεῖρι
546 1112 617 1191 τρεῖς
628 1105 695 1172 εὸνοιι
708 1111 784 1192 παρὰ
799 1111 885 1173 πᾶσιν
899 1105 1045 1191 άνθράποις
1059 1110 1263 1188 ὁμολογοῦνται
1278 1105 1331 1167 AE.

239 1191 336 1269 1,18.
374 1195 485 1276 ἀρχαῖα
500 1195 548 1256 καὶ
564 1191 629 1256 λθαν
643 1193 851 1276 ὁμολογούμενα
865 1193 904 1254 61
910 1237 920 1269 ,
940 1210 989 1254 11.
1029 1195 1159 1274 ὁμολογῶ
1173 1193 1213 1252 τοὶ
1229 1195 1334 1253 Λακεσ-
1439 1184 1443 1255 ἶ

237 1280 300 1340 νικά
322 1283 463 1352 συστῆσαι
490 1291 542 1359 77,
569 1278 872 1362 5ο.εὸμολογουμένη
896 1278 969 1362 (pro
995 1277 1235 1360 ὁμολογουμένως)
1261 1274 1334 1338 οὸσα
1439 1294 1444 1324 ³

237 1363 317 1440 ὁούλη
335 1363 364 1426 Ι.
379 1365 433 1442 61,
451 1377 498 1447 15.
514 1366 568 1444 46.
595 1367 617 1426 εὸ
629 1367 668 1444 μη
683 1363 812 1426 πάντοθεν
825 1361 855 1440 ἦν
869 1362 1086 1446 ὁμολογούμενον
1100 1379 1153 1444 71,
1167 1361 1197 1424 8.
1225 1360 1334 1426 δέδοικε

236 1449 275 1528 μὴ
289 1445 354 1511 λθαν
370 1447 577 1532 ὁμολογούμενα
591 1447 670 1534 λέγει
684 1463 737 1531 72,
752 1452 889 1534 35.ε-.τὰ
903 1447 1110 1531 ὁμολογούμενα
1123 1453 1178 1510 τῶν
1192 1446 1332 1531 πραγμά-
1443 1515 1444 1520 1

234 1557 299 1596 παν.
321 1555 496 1614 causarum,
511 1533 552 1598 de
570 1556 706 1620 quarum
724 1535 798 1621 jure
817 1534 899 1598 inter
916 1555 1023 1598 omnes
1044 1544 1177 1612 canstat,
1193 1553 1332 1618 quarum

232 1617 289 1708 jus
303 1632 424 1683 certum
441 1633 473 1682 et
490 1619 522 1682 in
542 1620 683 1685 confesso
699 1635 746 1684 est
760 1622 805 1684 A.
823 1637 896 1698 120,
907 1640 959 1708 39.
1003 1621 1059 1692 τοῖς
1073 1617 1167 1700 λύγοις
1181 1619 1246 1692 τοὺς
1259 1618 1332 1703 μάρ-
1441 1607 1445 1674 ῗ

187 1723 194 1732 ·
236 1729 321 1789 πνρας
336 1710 549 1789 ὁμολογοῦντας,
565 1707 612 1768 καὶ
635 1709 691 1779 τοῖς
710 1706 833 1790 μάρτυσι
855 1709 893 1768 τοὶ
916 1707 995 1791 ἔργα.
1025 1703 1150 1770 testium
1164 1725 1241 1768 cum
1255 1703 1333 1767 meis
1441 1703 1445 1760 ἶ

235 1790 510 1876 praedicationibus
520 1790 741 1855 consentientia
752 1791 936 1869 testimonia,
948 1805 980 1854 et
988 1813 1038 1854 rea
1046 1805 1149 1876 gestas
1163 1789 1333 1854 auctorita·
1443 1795 1445 1826 ³

237 1891 300 1940 tem
315 1876 439 1940 testium
454 1877 662 1963 approbantes
679 1897 751 1961 145,
763 1878 868 1962 5³⁷¹
877 1883 969 1940 ταῦτα
983 1878 1091 1950 ἐκείνοις
1101 1878 1246 1960 ὁμολογεῖ.
1268 1897 1333 1962 qua

216 1961 269 2042 ,in
286 1983 320 2025 re
339 1961 392 2026 illa
410 1961 458 2026 his
472 1962 660 2027 concinunt?
684 1965 751 2026 An.
767 1981 819 2047 25,
835 1981 866 2045 7.
910 1959 1125 2046 ὁμολογούμενος
1147 1963 1254 2038 δοῦλος,
1276 1961 1332 2047 qui
1441 1965 1445 2016 ἱ

235 2047 439 2134 omniumque
453 2071 571 2135 suaque
585 2048 682 2136 ipsius
695 2048 895 2126 confessione,
911 2047 976 2111 sine
997 2047 1206 2112 controversia
1224 2069 1333 2111 servus
1443 2047 1445 2102 ἱ

234 2146 283 2197 est
301 2153 356 2220 31,
374 2136 606 2220 25.;-.εύμολὸγει
630 2141 723 2198 ταῦτα
747 2136 864 2211 ποιησειν
891 2133 925 2196 id
950 2132 982 2196 in
1012 2155 1044 2196 se
1069 2131 1187 2219 recepit
1213 2135 1252 2196 L.
1278 2153 1298 2218 9
1322 2180 1331 2210 ‚
1443 2161 1445 2192 2

235 2237 290 2304 39.
316 2238 389 2298 121,
407 2239 437 2286 ο.
468 2239 538 2304 132,
556 2240 584 2285 a.
615 2233 652 2284 ut
669 2219 816 2284 Matthaei
830 2218 922 2283 XIV.
938 2233 969 2301 7.
993 2219 1102 2283 Τινι.
1138 2227 1193 2282 τῶν
1207 2220 1254 2281 τοὶ
1267 2153 1333 2304 πρὸς

235 2307 284 2384 θμε
298 2305 527 2388 ὡμολογημένων,
537 2329 609 2392 quae
624 2319 660 2369 tu
675 2305 732 2370 tibi
745 2305 786 2369 de
800 2327 850 2370 me
863 2304 995 2391 depecta
1008 2328 1041 2368 es
1056 2303 1166 2386 (herus
1179 2304 1263 2367 enim
1279 2327 1334 2368 an-

236 2388 338 2453 cillam
352 2389 504 2475 loquitur)
522 2412 575 2476 93,
585 2405 638 2477 57.
660 2397 684 2454 οέ
699 2396 736 2454 τοὶ
748 2396 786 2472 μὴ
801 2390 895 2454 ὁὸκαοα
908 2391 1074 2488 πράττοντες
1088 2393 1144 2473 ούχ
1159 2395 1331 2472 ὁμολογοῦσι
1444 2427 1445 2432 1

232 2476 297 2549 τοὺς
312 2474 423 2560 έχθρους
437 2479 540 2553 τάληθῆ
555 2477 647 2562 λέγειν
661 2496 714 2559 94,
729 2495 781 2542 22.
812 2498 881 2562 par,
896 2488 1333 2553 eonven1ens‚eonsentaneus

236 2583 312 2626 esse.
354 2562 437 2642 μηδὲν
459 2565 604 2648 ὁμολογεῖν
621 2568 661 2646 τῷ
680 2561 771 2647 πρὸπερ
794 2567 834 2647 τῷ
855 2563 989 2640 άλλθλοον
1012 2561 1046 2624 id
1065 2575 1111 2625 est
1130 2566 1157 2624 έν
1179 2566 1220 2645 τῷ
1239 2562 1332 2648 τρθτορ

239 2661 312 2732 159,
328 2665 358 2726 4.
404 2650 426 2708 εέ
439 2647 501 2720 τοὺς
516 2652 719 2731 ὁμολογοῦντας
732 2651 899 2735 παρανομεῖν
913 2647 1042 2728 άζημὸους
1056 2647 1177 2730 άρῆσεπε
1194 2648 1235 2710 16
1235 2663 1332 2730 5,40.

234 2749 431 2902 4Δΐὸμολογιόι]
456 2817 503 2879 τὸν
517 2809 665 2882 κελεύοντα
683 2816 762 2900 νέμον
786 2817 880 2905 κυρθας
898 2817 965 2881 εὸναι
988 2821 1040 2890 τὰς
1059 2815 1224 2902 ὁμολογὸοος,
1245 2816 1279 2890 ἃς
1300 2817 1333 2882 ἂν

235 2901 352 2966 ὁναντθον
370 2901 515 2988 μαρτύριον
533 2903 698 2979 τοιῆσοονσαι
717 2922 811 2983 1042,
828 2902 987 2968 Madau
1005 2902 1158 2986 ὁμολογὸας
1173 2904 1287 2990 προοκὸς
1303 2905 1332 2967 Ι.
1444 2913 1445 2916 ’

232 3005 289 3066 40,
304 3003 358 3069 47.
379 3006 434 3067 41,
448 2990 622 3054 26.εκατὸ
642 2992 691 3065 την
709 2991 774 3075 πρὸς
788 2994 862 3070 ἡμᾶς
877 2987 1029 3072 ὁμολογίαν
1040 3011 1078 3052 ex
1090 2987 1236 3055 oondictn
1251 2988 1333 3053 inter

233 3093 291 3138 nos
305 3075 372 3136 An.
390 3075 440 3151 16,
457 3093 489 3140 2.

276 3158 501 3242 ὁμολογουμένους
517 3159 547 3222 Ι.
563 3158 617 3242 85,
635 3178 652 3224 2
653 3171 684 3242 5.

278 3243 399 3327 ὁμὸνοοα]
418 3246 465 3320 τὴν
479 3245 544 3330 πρὸς
559 3245 700 3322 ἀλλήλους
715 3242 837 3326 ὁμὸνοοαν
852 3247 900 3307 ούκ
914 3242 944 3321 ἦν
956 3244 1088 3327 πρέασθαι
1107 3261 1179 3324 121,
1193 3265 1227 3330 3.
1250 3251 1331 3309 τοῦτο

233 3335 340 3411 πρῶτον
365 3329 501 3414 ὑπάρχειν
524 3334 572 3404 τῆς
597 3328 720 3410 θμονοθας
742 3332 863 3410 σημεῖον,
886 3335 959 3412 κοινῇ
980 3331 1110 3394 διαλῦσαι
1132 3336 1171 3393 τά
1189 3332 1333 3416 χρήματα

234 3417 378 3498 460,19.
423 3413 538 3497 άγοντες
556 3417 604 3490 την
626 3413 705 3478 πάλιν
728 3419 754 3478 έν
780 3415 891 3500 ὁμονοὸᾳ
910 3417 985 3498 617,
1002 3431 1053 3498 27.
1097 3419 1128 3478 έκ
1148 3417 1176 3479 δέ
1196 3419 1332 3494 πούταν7

235 3504 309 3575 κοινὴ
323 3501 371 3562 καθ
387 3498 495 3562 πάντων
508 3501 623 3581 ἀγαθῶν
637 3499 716 3563 αθπθα
734 3505 767 3585 τῇ
787 3501 865 3564 πόλει
883 3502 957 3581 με’νει
972 3502 1020 3563 καθ
1036 3500 1204 3577 καθέστηκα
1219 3503 1331 3583 ὁμὸεοια

235 3584 311 3668 787,
327 3584 359 3646 8.
396 3592 502 3671 πρῶτον
517 3585 646 3648 ἁπάντων
659 3587 724 3668 πρὸς
738 3591 809 3665 ὑμεῖς
823 3588 921 3659 αύεοὸς
936 3585 1058 3667 ὁμθνοοαν
1072 3591 1108 3661 εἷς
1122 3589 1154 3650 τὸ
1168 3594 1245 3673 κοινῇ
1260 3615 1332 3666 συμ·

232 3668 311 3755 φέρον
324 3695 358 3754 τη
373 3669 450 3734 πόλει
465 3671 664 3755 παρασχέσθαι
684 3672 777 3750 1464,
794 3672 992 3753 7.;ὁμο’νοιαν
1011 3672 1062 3753 μὲν
1075 3672 1212 3756 μέγιστον
1225 3677 1332 3757 άγαθὸν

233 3753 313 3834 ἰέναι,
328 3755 430 3818 στάσιν
444 3755 471 3816 ὁὸ
486 3756 595 3820 πάντων
610 3764 703 3819 κακῶν
712 3755 809 3820 ἀὁτθαν
824 3757 866 3820 L.
885 3775 958 3841 150,
972 3775 1027 3842 43.
1058 3757 1181 3841 ὁμόνοιαν
1195 3760 1331 3838 πλείστην

231 3841 359 3918 ποιήσετε
376 3861 448 3926 175,
467 3861 516 3926 19.

277 3927 440 4010 ὁμοπάτριος
455 3926 570 4006 ἁδελφὸς
584 3928 627 3990 A.
647 3947 719 4004 111,
734 3946 786 4012 39.

275 4011 436 4096 ὁμοπάτωρ]
466 4011 634 4100 ὁμοπάτορες
663 4011 709 4094 [id
732 4026 779 4075 est
799 4011 972 4098 ὁμοπάτριοι]
1001 4013 1113 4095 άὸελφοὸ
1143 4013 1240 4096 1067,
1255 4033 1324 4096 4:

231 4097 379 4247 ὁῙμοπάτωρ
393 4098 520 4180 ἀδελφὸς,
535 4097 693 4160 communi
710 4109 813 4161 tecum
834 4111 923 4184 patre
944 4119 1032 4176 usus,
1047 4119 1111 4162 non
1131 4099 1209 4164 item
1231 4113 1330 4164 matre

255 4186 298 4246 ‚6
351 4201 365 4244 1
394 4229 400 4244 .

168 4267 173 4278 '
274 4195 391 4354 ὁμῗοροςῖ
409 4265 505 4340 άλλοος
519 4293 551 4330 τε
568 4265 621 4332 κάν
635 4266 729 4353 ὁμορον
742 4266 841 4353 χάραν
856 4265 946 4351 έχασι
964 4267 1015 4346 18,
1030 4287 1061 4353 5.
1106 4271 1214 4334 έτειὸὰε
1228 4271 1252 4330 δ’
1267 4269 1331 4352 ὁμο-

228 4377 273 4442 ρος
287 4356 406 4435 πόλεμος
421 4357 574 4439 συμπλακῇ
591 4371 644 4433 24,
663 4372 713 4418 10.
741 4351 836 4439 ὁμορος
849 4353 967 4436 πὸλεμος
981 4355 1030 4419 καὶ
1044 4357 1132 4441 βαρὺς
1147 4360 1185 4430 εἰς
1199 4359 1251 4433 τὴν
1263 4359 1330 4420 Ἀπ-

225 4441 304 4517 τικὴν
318 4441 363 4502 θεά
378 4437 515 4518 Θηβαέοον
529 4439 699 4546 κεκόμισται
709 4456 786 4523 507,
806 4455 855 4522 17.
