2888 4984
256 298 319 383 766
731 295 887 362 11111111

256 471 288 554 e)
305 467 532 548 commendare,
546 480 744 555 praesentare,
757 479 942 555 praesentem
957 466 1116 546 exhibere,
1131 487 1237 530 coram
1253 462 1352 529 addu-
1438 459 1439 468 ’

256 578 336 634 cere,
352 554 577 630 demonstrare,
593 553 649 639 qui
668 553 719 632 sit,
735 567 767 617 et
787 551 965 618 collaudare
984 552 1099 630 verbis,
1117 564 1214 638 atque
1233 549 1275 615 de
1296 573 1355 613 me-
1438 591 1439 634 3

257 641 432 720 liorenota,
447 655 484 704 ut
503 638 661 703 hominem
681 638 740 704 eibi
757 639 838 703 bene
855 651 966 703 notum
982 652 1015 702 et
1032 661 1151 718 carum,
1166 636 1257 701 alteri
1272 658 1352 700 com·

257 725 416 791 mendare.
440 726 584 802 συστῆσας
598 723 743 788 Φιλώνδαν
761 745 856 808 1191,
874 739 925 805 27.
963 739 1133 812 utrumque
1147 737 1283 810 usurpat
1297 723 1357 786 Da-

259 812 446 892 mosthenea,
460 825 524 874 tam
539 811 585 872 τδν
600 809 708 896 πατέρα
723 813 769 874 τδν
787 812 852 892 ἓμδν
869 811 1039 886 συνέστησας
1059 812 1201 896 Φιλώνδᾳ,
1217 831 1250 896 p.
1264 810 1354 893 1196,

259 920 290 984 3.
328 919 424 985 quam
439 902 478 982 τῷ
492 897 576 980 πατρὶ
592 901 632 982 τῷ
648 899 769 978 ἐμαυτοῦ
784 895 957 970 συνέστησας
970 899 1017 958 τδν
1031 897 1176 958 Φιλώνδαν
1193 895 1290 980 1196,
1310 911 1354 958 12.

260 997 292 1048 et
305 984 445 1071 profecto'
460 980 589 1069 perinde
603 993 660 1045 est.
682 981 808 1131 wne
828 980 871 1044 nil
890 980 976 1045 aliud
995 981 1159 1068 significat,
1175 1002 1272 1068 queam
1287 980 1357 1043 altc-

261 1093 334 1134 rum
348 1071 391 1133 ad
404 1069 489 1132 latua
502 1069 635 1131 atterius
649 1089 683 1130 co
740 1069 812 1131 acti.
835 1067 968 1131 alterum
983 1067 1025 1131 ad
1039 1067 1170 1130 alterurn
1187 1065 1355 1130 adduxisti.

262 1159 346 1234 δεῖξαι
367 1157 389 1217 δ’
405 1157 486 1216 αὐτόν
505 1159 545 1238 τῷ
563 1155 647 1237 πατρὶ
667 1159 708 1238 τῷ
730 1157 788 1238 ἐμῷ
809 1155 856 1216 καὶ
875 1159 1015 1229 συστῆσαι
1029 1153 1183 1238 προσέταξε
1197 1158 1238 1238 τῷ
1257 1154 1358 1235 Ἀρχι-

262 1243 343 1326 βιάδη
362 1241 455 1324 1236,
469 1258 521 1323 25.
540 1239 676 1324 1237,6.
696 1235 788 1323 1138,
802 1257 833 1305 2.
878 1240 1045 1315 συσταθῆναι
1061 1242 1141 1302 αιἰτδυ
1155 1243 1195 1322 τῷ
1211 1238 1298 1320 πατρὶ
1313 1239 1358 1299 riri
1438 1239 1439 1242 ¹

262 1333 310 1390 τοῦ
327 1326 453 1398 Λύκωνος
466 1324 551 1388 hunc
570 1323 611 1388 ad
630 1338 750 1410 patrem
770 1347 874 1388 meum
896 1347 962 1388 esse
981 1346 1000 1388 1
1022 1325 1152 1410 Lycone
1173 1322 1357 1402 adductum,
1438 1367 1439 1370 ,

263 1425 294 1474 et
309 1412 470 1498 Lyconem
485 1410 567 1497 patri
582 1409 700 1472 factum
715 1433 780 1474 esse
791 1425 962 1487 auctorem,
979 1423 1015 1474 ut
1030 1409 1103 1474 huic
1117 1431 1160 1474 aes
1173 1407 1360 1496 persolvere-

263 1511 316 1562 tur
334 1515 427 1578 1241‚
444 1511 474 1578 7.
519 1495 552 1580 f)
568 1495 739 1574 intendere,
755 1496 921 1560 accendere
935 1495 1047 1584 pretia,
1064 1511 1099 1560 ut
1112 1493 1274 1560 frumenti.
1309 1521 1360 1557 πα-
1438 1555 1439 1558 ,

189 1614 191 1622 ’
264 1582 478 1666 λιγιιαπηλεύουν
503 1583 552 1644 καὶ
578 1585 709 1655 συνιστὰς
729 1587 783 1656 τοὶς
806 1587 890 1665 τιμοδς
913 1590 963 1644 τοῦ
986 1581 1065 1645 σίτου
1090 1582 1186 1666 1285,
1201 1583 1234 1645 6.
1274 1579 1360 1666 quasi
1438 1627 1439 1634 .

265 1667 462 1731 clandestinis
476 1665 637 1753 colloquiis
650 1681 682 1730 et
696 1668 795 1754 pactis
809 1690 881 1732 cum
900 1667 967 1731 aliis
987 1667 1179 1731 dardanariis
1193 1666 1281 1730 initia
1294 1687 1361 1729 οοιι-
1438 1739 1439 1744 1

265 1756 398 1818 statuent
421 1768 539 1817 certum
563 1752 691 1816 modum
737 1753 815 1817 retio
835 1753 996 1832 frumenti,
1012 1753 1094 1818 intra
1114 1775 1209 1840 quem
1232 1750 1361 1815 modum
1438 1805 1439 1832 3

266 1839 420 1926 spondent
442 1861 474 1902 se
494 1861 555 1902 uon
571 1861 636 1902 ease
650 1777 831 1903 vendituros
845 1838 1128 1922 annonas.=dpam
1147 1839 1301 1915 συστήσειν
1319 1841 1362 1900 lr-
1437 1833 1439 1850 ¹

266 1925 438 2008 ηγγέλλττο,
453 1923 614 1988 conciliare
631 1925 686 1987 Ε.
701 1945 755 2010 33,
770 1941 821 2009 27.
867 1926 1029 1989 συνιστάναι
1052 1925 1097 1988 ἐπῖ
1116 1950 1192 2003 τινα,
1214 1923 1362 1987 advertus
1438 1949 1439 1970 ³

266 2010 402 2097 aliquem
420 2009 560 2088 incitam,
576 2023 608 2073 et
627 2010 796 2088 adhortati,
813 2025 850 2075 ut
868 2011 902 2074 in
924 2011 1099 2074 societatem
1119 2008 1192 2073 belli
1214 2009 1362 2072 adversm

266 2120 339 2160 eum
354 2103 464 2160 coeant
479 2098 533 2181 38,
549 2115 601 2180 27.
633 2099 820 2174 συνεστηκότα
833 2098 931 2174 talete
941 2097 1030 2174 πόλιν,
1043 2096 1148 2174 coisse,
1159 2095 1361 2182 conspirame,

268 2182 383 2246 versari
397 2181 429 2245 in
444 2181 589 2260 factione,
604 2195 712 2246 contra
726 2181 880 2246 civitatem
894 2201 949 2263 44,
963 2201 1012 2268 23.
1045 2184 1086 2244 ἐπὶ
1101 2185 1139 2244 τοὶ
1155 2185 1234 2244 κοινοὶ
1248 2183 1306 2262 46,
1316 2199 1362 2246 11.

267 2269 347 2352 μόνος
361 2270 400 2350 ἐφ’
415 2271 486 2347 ὑμᾶς
501 2271 531 2329 οδ
545 2266 717 2342 συνεστηαοδς
730 2283 786 2352 52,
801 2287 851 2352 25.
897 2269 1049 2342 συστάντος
1071 2270 1113 2331 ἐπὶ
1134 2270 1166 2330 τδ
1188 2269 1319 2350 δημόσιον
1334 2268 1363 2328 τδ

269 2354 397 2440 ὑμέτερον
410 2353 463 2432 62,
474 2369 571 2450 514.
602 2357 744 2436 ὁμολογῶ,
759 2359 796 2416 τὰ
813 2358 963 2416 Λακωνικὰ
979 2359 1129 2430 συστῆσαι,
1145 2351 1195 2416 'aio
1209 2365 1243 2416 et
1257 2353 1363 2428 fateor,

269 2463 288 2503 a
302 2461 352 2501 me
369 2439 538 2502 Laconicus
552 2437 701 2501 adversus
717 2438 934 2504 Alexandrum
949 2437 1105 2502 tumultus
1118 2461 1183 2502 ease
1197 2438 1363 2518 concitatos

271 2541 324 2608 77,
339 2543 540 2621 30.=coram
566 2523 722 2587 adducere
746 2523 881 2612 aliquem
903 2524 943 2587 ad
965 2524 1109 2604 alterum,
1131 2525 1160 2589 ei
1181 2537 1362 2600 monstrare,

269 2632 440 2686 nominare,
453 2623 484 2673 et
507 2609 546 2672 de
568 2633 605 2673 eo
626 2609 794 2696 praecipere
811 2611 841 2673 1.
857 2627 909 2692 71,
927 2629 979 2694 23.
1023 2615 1155 2686 συστῆναι
1176 2610 1362 2698 conspirare,

270 2717 466 2760 communem
489 2717 581 2792 agere
601 2718 726 2758 causam
745 2695 777 2758 in
799 2694 941 2759 fraudem
961 2695 1089 2759 alteriue
1107 2715 1179 2774 111,
1199 2695 1364 2762 rammi-

270 2784 393 2846 στασδαι
415 2780 497 2844 coire
519 2803 551 2843 1n
573 2781 748 2846 societatem
772 2780 903 2868 alicujus
924 2781 968 2844 rei
990 2781 1135 2868 gerenda
1157 2783 1361 2864 Αι1.17,18.

276 2867 507 2943 :cucclcaclm
522 2870 570 2939 τὴν
585 2871 666 2950 ὀργῆν
685 2867 856 2955 concipere,
871 2865 939 2931 colli
981 2890 1025 2946 re,
1041 2881 1073 2931 et
1089 2865 1184 2930 veluti
1207 2879 1364 2932 corrotun-

271 2953 347 3017 dare
368 2967 464 3038 atque
485 2975 615 3016 massam
637 2953 669 3015 in
689 2975 784 3017 unam
798 2953 931 3017 conflare
979 3002 985 3016 .
1006 2970 1077 3038 115,
1094 2967 1145 3037 25.
1182 2952 1362 3016 συνίστασθαι

273 3041 314 3100 ἐπὶ
330 3039 391 3112 τοὺς
407 3039 535 3126 ἐμπόρους
550 3037 645 3102 coisse
661 3039 694 3100 in
714 3039 901 3117 societatem,
915 3039 1091 3125 conjurasse
1105 3039 1138 3101 in
1152 3037 1299 3102 fraudem
1314 3059 1363 3101 ue-

272 3123 462 3211 gotiatorum
481 3127 552 3208 165,
564 3143 617 3203 40.
637 3125 774 3200 166,16.
813 3125 897 3189 unde
914 3125 1022 3206 (verba
1040 3137 1113 3188 sunt
1128 3123 1277 3211 Taylori)
1300 3126 1362 3200 166,

277 3211 325 3274 16.
348 3209 479 3272 fortasse
499 3207 610 3272 melius
631 3208 754 3295 legatur
776 3213 815 3290 ἐφ’
831 3209 887 3287 οδς,
903 3231 998 3296 quarn
1013 3213 1052 3290 ἐφ’
1068 3211 1115 3288 οῖς,
1131 3224 1168 3274 ut
1181 3209 1364 3281 editi.=rci;

274 3295 414 3372 πολεμίοις
434 3299 509 3357 aurel
529 3299 575 3371 τῆς
594 3293 697 3369 πόλεως
717 3301 855 3372 συστῆσαι
875 3299 1049 3372 κατασκευὴν
1063 3295 1105 3360 D.
1122 3315 1174 3380 94,
1189 3315 1243 3382 30.
1280 3294 1364 3381 adju-

274 3403 348 3479 vare
367 3379 470 3445 hostes
488 3379 521 3443 in
542 3379 715 3445 emolienda
733 3380 923 3446 clandestina
936 3381 1085 3446 adversus
1099 3404 1199 3470 remp.
1213 3381 1364 3448 machina
1438 3381 1439 3388 ’

275 3481 367 3533 tione.

318 3559 522 3639 συνναυμοιχεῖν
540 3556 695 3640 1377,18.

318 3641 515 3721 συννομοθετεῖν
529 3641 604 3724 708,
619 3661 690 3728 pen.

317 3725 426 3799 σύνοδος
439 3747 622 3812 congressus
635 3725 771 3814 partium
787 3725 975 3816 litigantium
991 3728 1076 3816 apud
1091 3726 1257 3794 arbitrum.
1291 3729 1362 3810 ἐνιῆ

275 3811 368 3962 Ἀρέτη
391 3809 494 3960 rugila
520 3813 585 3900 πρὸς
607 3819 648 3898 τῷ
673 3815 795 3900 διαιτητῇ
822 3817 915 3895 1166,
929 3829 1174 3899 9.=eonventue
1199 3812 1361 3877 amicorum

311 3919 343 3962 n.
383 3944 391 3972 ,
410 3917 422 3958 1
453 3945 460 3959 .

320 3913 451 4046 reticentia
470 3983 582 4068 γυναικὶ
601 3987 640 4064 μῆ
663 3985 767 4062 ἐξέστω
789 3985 877 4049 ἑλόντι
896 3986 1007 4070 μοιχδν,
1028 3984 1105 4069 [scil.
1122 3987 1162 4048 ἐπ’
1178 3987 1263 4071 αὐτῆ]
1280 3981 1362 4046 tanti

276 4073 399 4154 συνοιαῆ,
414 4065 513 4151 ἄτιμος
528 4066 599 4131 ἔστω
616 4084 710 4156 1374,
729 4087 780 4135 21.
804 4069 849 4139 ,τδ
868 4073 927 4158 γοδς
947 4075 1078 4134 συνοικεῖν
1098 4073 1171 4134 τοῦτ’
1188 4067 1313 4147 lurra&
1333 4068 1364 4129 δν

277 4157 476 4231 παιδοποιῆται,
493 4153 539 4216 aul
556 4155 656 4242 εἰσόιγη
673 4159 708 4230 εἶς
724 4157 785 4230 τοὺς
800 4158 1040 4240 φράτορας-τοὺς
1054 4160 1116 4230 υδιῖς
1134 4159 1227 4242 1386,
1244 4152 1362 4220 16.=1.

278 4257 397 4326 44,12.
425 4237 534 4316 ῆλινιόαν
549 4237 623 4326 εῖχεν
642 4242 716 4329 ἁνδςδ
738 4245 868 4304 συνοικεῖν
887 4241 953 4326 [16,
965 4243 1192 4327 5.]=cueuxria
1214 4245 1248 4326 τῆ
1273 4243 1364 4302 ἑαυτοῦ

277 4333 380 4414 οἰδελφῆ
406 4327 473 4390 An.
500 4325 550 4401 16,
573 4345 625 4406 24.
655 4345 710 4412 33,
732 4327 935 4410 26.;ἔγημαν
960 4327 1005 4390 δυό
1029 4326 1088 4390 ὅντε
1110 4327 1292 4401 Μεδοντιόιδο,
1317 4324 1363 4386 ul

273 4412 440 4498 συνῳκοότην
455 4415 523 4497 αὐτῆ
539 4411 581 4474 L.
592 4409 632 4478 fr.
644 4431 677 4496 3,
693 4433 718 4475 1.
742 4407 804 4496 apic
815 4414 876 4484 τοδς
891 4412 1040 4498 ἐγγύτατα
1055 4411 1149 4494 γόνους
1163 4409 1302 4484 συνοικοίη.
1324 4407 1363 4471 ad

276 4521 341 4574 eos,
352 4496 408 4582 qui
422 4517 536 4582 genere
549 4509 638 4562 erant
652 4495 799 4584 proximi,
809 4495 984 4562 habitatum
1000 4497 1060 4562 iret
1069 4519 1119 4584 ap.
1130 4493 1302 4563 Prisciani.
1316 4495 1362 4558 18.
