2920 4986
256 282 321 361 462
734 275 892 342 INDEX

258 450 390 518 tutelam
403 449 484 515 male
498 459 618 537 gestam
632 470 698 514 esee
713 448 788 527 861,
802 447 861 514 uit.
886 447 1043 534 καταγνοὺς
1057 446 1165 512 ἀδικίαν
1179 438 1265 512 αὐτοῦ
1278 447 1351 534 879,

263 558 314 620 14.
350 541 450 600 ἀδικεῖν
464 537 540 621 581,
558 555 587 600 1.
631 533 697 598 ἀπ’
713 535 826 609 ἐκείνους
841 539 944 612 κλοπὴν
957 537 1043 598 αιἰτοῦ
1062 541 1240 618 καταγνῶναι
1258 536 1352 620 1326,

230 672 233 680 ,
263 644 314 709 19.
349 628 397 700 τὴν
412 625 495 700 αὐτὴν
510 621 640 706 κατέγνω
654 620 828 704 παρανομίαν
843 629 895 684 τῶν
915 623 958 683 ini
978 625 1025 694 τῆς
1044 618 1228 705 δημοκρατίας
1250 645 1355 704 τετρα-

260 708 381 790 γμένων,
397 707 427 785 ἢν
441 716 495 771 τών
510 708 550 768 ἀπ’
566 706 673 771 ἐκείνων
691 703 766 790 [scil.
778 715 832 770 τῶν
841 731 875 769 τυ
892 705 988 786 άννων,
1000 705 1198 790 πεπραγμένων
1213 703 1355 789 κατεγνώ-

262 796 344 879 κατε]
363 798 437 876 ὑμεῖς
454 793 528 876 718,
545 811 595 856 21.
641 789 688 865 έως
702 790 736 854 ἀν
750 791 846 878 έκτίση
862 731 891 854 όρ
888 817 917 855 τι
933 789 966 854 ἀν
981 793 1163 875 καταγνωσθῇ
1179 793 1264 853 αὐτοῦ
1279 807 1355 872 721,

265 898 295 946 2.
324 879 473 966 παρανοίας
490 878 567 964 [scil.
582 877 669 964 δίκην]
689 877 885 960 καταγνώσετε
900 882 974 958 ὑμῶν
989 880 1080 939 αι’ντών
1094 875 1356 956 μεταβουλευόμενοι

267 968 426 1046 1444,16.
472 965 512 1027 In
531 963 664 1050 passivo.
702 964 929 1047 κατεγνωσμένης
948 962 994 1039 ἤδη
1013 971 1060 1039 τῆς
1080 960 1153 1037 δίκης
1169 961 1243 1042 872,
1259 976 1351 1043 27.=

265 1050 487 1134 καταγινώσκειν
501 1054 531 1114 αί
577 1049 637 1126 όνην
649 1049 718 1122 τινδς
733 1047 789 1110 AE.
806 1066 859 1132 23,
873 1067 928 1128 40.
974 1047 1130 1131 καταγνοὺς
1144 1049 1245 1109 ἀδικεῖν
1260 1053 1358 1111 §aurei

267 1155 319 1220 29,
335 1155 368 1216 4.
406 1136 590 1222 ἀνελευθεριαν
605 1140 784 1216 καταγνῶναι
799 1139 847 1196 τοιῖ
867 1135 950 1214 δήμου
965 1135 1018 1211 60,
1039 1152 1087 1196 11.
1131 1131 1285 1216 ἀπογνώτω
1307 1159 1359 1216 μη-

266 1224 318 1299 δὲν,
335 1222 401 1303 μηδὲ
424 1219 611 1304 καταγνώτω,
627 1241 731 1304 neque
753 1217 903 1299 absolvat,
917 1241 1019 1305 neque
1040 1217 1167 1282 damnet
1189 1222 1242 1292 62,
1263 1237 1353 1298 14.:

267 1307 379 1393 ἐρημίαν
402 1313 476 1388 ἡμῶν
500 1309 605 1382 πολλὴν
628 1303 824 1390 καταγνόντες.
860 1304 1001 1368 arbitrati
1024 1326 1082 1368 nos
1106 1301 1198 1390 piune
1221 1301 1360 1368 desertos

267 1414 333 1456 esse
358 1392 383 1454 Ι.
407 1409 462 1476 35,
489 1409 539 1454 11.
581 1389 731 1538 παράνοιαν
757 1391 922 1473 Κλεωνύμου
948 1387 1171 1474 καταγινώσκειν
1196 1391 1266 1473 [14,
1289 1392 1356 1474 60.]

268 1503 376 1562 καταγ.
391 1479 461 1550 τινδς
476 1481 617 1560 είσαγγελ
629 1503 674 1540 αν.
696 1477 729 1539 in
743 1497 836 1547 causa
849 1475 1034 1562 εἰσαγγελίας
1048 1473 1132 1538 dicta
1144 1473 1294 1538 adversus
1308 1473 1363 1539 uli-

268 1585 363 1649 quem
377 1561 462 1626 litem
482 1559 717 1640 dare,veleu1n
737 1561 942 1626 eundemnare
957 1563 1009 1643 84,
1028 1581 1055 1626 α.
1093 1567 1148 1634 πῶς
1170 1557 1204 1622 ἀν
1225 1566 1299 1642 ὑμῶν
1319 1585 1362 1635 τις

270 1647 422 1733 καταγνοίη
440 1645 677 1735 ψευδομαρτυρίαν
699 1647 869 1734 Δημαράτου
894 1667 965 1727 110,
983 1662 1070 1730 27.=
1076 1646 1157 1728 μηδὲν
1176 1645 1282 1708 ἀνόσιον
1299 1647 1361 1726 μηδ’

271 1737 391 1832 αἰσχρὸν
414 1740 588 1819 καταγνῶτε.
633 1733 728 1798 nolite
749 1733 952 1820 pronuntiare
973 1755 1023 1797 me
1044 1753 1133 1796 reum
1155 1753 1220 1796 esse
1241 1729 1363 1796 sceleris

270 1819 358 1906 impu
372 1831 404 1883 et
423 1818 557 1898 infamis,
571 1819 605 1882 h.
619 1841 645 1882 e.
661 1818 862 1907 ignominium
884 1819 923 1897 ei,
938 1818 994 1906 qui
1015 1817 1213 1894 commiserit,
1228 1816 1362 1881 eonscie-

270 1904 367 1969 centis
382 1907 425 1968 A.
444 1917 516 1984 117,
531 1906 586 1990 36.
622 1909 652 1968 οὐ
668 1907 822 1990 καταγνοὺς
837 1907 918 1980 airis
932 1911 1041 1984 ἑαυτοῦ,
1057 1925 1120 1968 non
1140 1902 1282 1968 diffidens
1297 1903 1363 1989 ipse

272 2013 337 2056 suae
349 2013 459 2054 causae.
504 2011 567 2054 non
582 1989 763 2077 pnaejudicio
778 2013 835 2054 suo
854 2004 950 2056 semet
968 1989 1035 2076 ipse
1056 1989 1265 2054 condemnans
1291 1991 1362 2067 128,

273 2078 304 2140 8.
341 2075 418 2148 φόνου
433 2075 508 2154 δίκην
523 2085 712 2162 καταγνῶναι.
754 2075 787 2140 in
808 2097 903 2142 causa
920 2075 1078 2141 homicidii
1099 2089 1208 2140 contra
1227 2074 1364 2161 aliquem

272 2161 474 2260 pronuntiare
492 2179 562 2246 130,
576 2179 631 2243 40.
663 2161 847 2246 καταγνόντες
863 2171 912 2227 τοῦ
926 2163 1019 2248 ἀνδρὸς
1032 2163 1078 2225 τδν
1093 2163 1217 2226 θάνατον.
1256 2160 1365 2225 mortis

273 2269 307 2310 m
321 2269 393 2311 eum
407 2246 491 2311 dieta
505 2246 656 2312 sententia
673 2264 746 2332 135,
759 2267 789 2332 3.
833 2249 929 2312 τοιίτου
946 2247 1126 2330 κατέγνωστο
1146 2248 1197 2328 μὲν
1214 2246 1260 2324 ἤδη
1281 2246 1366 2310 θάνω·

273 2358 320 2407 τος
337 2347 409 2418 137,
424 2333 744 2418 34..-.καταγινώσκειν
757 2338 854 2397 έαυτοῦ
875 2337 976 2396 ἀδικεῖν
992 2332 1040 2415 (id
1059 2345 1117 2411 est,
1130 2335 1161 2394 τδ
1183 2334 1295 2410 ἀδικεῖν,
1311 2355 1366 2396 seu

273 2417 397 2504 ἀδικίαν)
413 2432 509 2482 semet
522 2417 626 2506 ipsum
641 2441 731 2482 reum
744 2417 857 2506 fucere,
871 2441 925 2482 ore
939 2441 997 2482 suo
1010 2441 1043 2482 ee
1055 2417 1262 2482 condemnare
1274 2417 1368 2484 facte

274 2503 397 2591 injuriae
413 2506 592 2579 Αῐι.-τινδς
606 2504 712 2578 εὐθύνας
730 2525 780 2583 10,
794 2505 849 2591 38.
883 2508 971 2590 φυγὴν
985 2523 1035 2584 14,
1046 2522 1064 2570 2
1065 2502 1368 2588 5.-.-καταγινώσκειν

275 2595 338 2654 τινὰ
353 2589 429 2670 φόνου
443 2611 502 2676 pro
516 2590 585 2664 τινὸς
600 2589 676 2672 φόνον
691 2591 733 2654 L.
749 2609 803 2672 94,
817 2607 869 2677 32.
907 2590 977 2662 τινδς
992 2588 1180 2666 συκοφαντίαν
1197 2605 1269 2667 102,
1284 2605 1320 2674 5.
1346 2593 1369 2654 εί

276 2699 361 2738 αυτου
374 2703 425 2758 μεν
440 2699 540 2739 εκιινου
555 2676 669 2738 θάνατον
683 2677 855 2760 κατέγνωτε,
871 2682 918 2739 τοῦ
940 2675 968 2736 δέ
982 2680 1038 2740 υίοῦ
1054 2676 1208 2750 ἀδικοῦντος
1222 2676 1253 2736 δι’
1269 2677 1369 2739 ἐκεῖνον

277 2761 474 2840 ἀποψηφιεῖσθε
491 2779 562 2840 141,
577 2780 625 2828 12.
649 2765 737 2846 φυγὴν
751 2766 835 2824 αὑτοῦ
850 2762 1006 2844 καταγνοὺς
1021 2757 1138 2846 Θρᾴκης
1154 2763 1201 2823 καί
1215 2759 1308 2838 πάσης
1322 2760 1371 2824 τεό-

276 2859 344 2920 λεως
355 2846 467 2924 πολίτης
478 2845 606 2924 έβοιίλετο
616 2851 727 2929 μάλλον
737 2846 863 2932 γενέσθαι
879 2865 950 2931 143,
965 2865 1013 2931 19.
1036 2847 1220 2929 καταγνόντες
1232 2855 1310 2928 σφῶν
1321 2849 1371 2909 wi-

277 2938 332 2994 τῶν
345 2933 446 2995 ἀδικεῖν
462 2932 535 3016 158,
548 2946 602 3016 25.
624 2936 662 3013 μη
678 2939 856 3017 καταγνῶναι
871 2933 1031 3018 δωροδοκίαν
1046 2936 1110 3014 έμοῖι
1129 2933 1201 3016 163,
1213 2951 1267 3017 33.
1290 2929 1318 2994 εῖ
1329 2957 1372 3006 τις

1451 2881 1453 2936 ί

277 3021 353 3098 ὑμῶν
366 3017 491 3101 πονηρίαν
506 3018 720 3101 καταγνώσεται
734 3025 789 3081 τῶν
806 3020 840 3090 ώς
860 3019 908 3100 έμὶ
928 3017 1063 3080 είσιόιτων
1082 3031 1152 3099 170,
1175 3037 1222 3080 11.
1266 3017 1373 3080 δειλίαν
1451 3079 1453 3094 ,

277 3107 327 3165 τοῦ
352 3107 392 3165 Λ.
416 3101 483 3177 υίέος
508 3122 580 3183 141,
604 3102 633 3166 8.
679 3101 839 3182 φαυλότητά
856 3127 909 3185 μου
924 3103 1060 3188 μεγίστην
1083 3102 1372 3190 καταγινώσκειςυρ.
1452 3167 1453 3172 ,

280 3186 369 3252 Suid.
380 3187 413 3250 in
428 3195 532 3270 φαῦλον
547 3185 895 3276 εῖρητ.εκαταγινώσκ1ιν
910 3195 1007 3252 έαυτοῖι
1021 3189 1105 3252 ἀίδιον
1119 3192 1206 3272 φυγὴν
1218 3187 1282 3275 Ly.
1297 3205 1374 3272 150,
1452 3221 1453 3232 2

279 3292 332 3358 34.
352 3275 426 3351 168,
443 3275 492 3340 28.
528 3275 561 3336 τδ
582 3273 774 3358 προδεδωκέναι
800 3289 872 3360 155,
884 3275 916 3337 6.
961 3275 1074 3337 θάνατον
1098 3291 1169 3358 159,
1193 3275 1241 3339 26.
1278 3273 1377 3356 παρά·
1451 3321 1453 3346 ,

281 3383 353 3422 νοιαν
372 3359 444 3438 168,
462 3375 512 3443 25.
549 3359 673 3440 ἀδίκημα
688 3357 844 3445 κεκριμένον
862 3361 910 3422 καί
933 3361 1168 3444 κατεγνωσμένον.
1205 3356 1375 3444 flagitium,
1452 3369 1453 3426 3

280 3443 321 3508 de
335 3466 399 3530 quo
413 3444 579 3530 quaesitum
594 3457 626 3507 et
639 3443 878 3531 pronunciatum
894 3457 951 3523 eet,
967 3459 998 3508 et
1012 3467 1077 3508 esse
1090 3443 1255 3530 flagitium,
1267 3457 1299 3508 et
1315 3466 1377 3533 pu-

280 3528 429 3593 niendum
445 3553 522 3609 esse,
537 3545 569 3594 et
606 3552 647 3593 uo
665 3552 779 3616 genere
796 3553 898 3618 poenae
918 3545 988 3615 154,
1005 3533 1055 3596 26.
1100 3529 1323 3612 καταγινώσκειν
1345 3543 1379 3594 et
1452 3529 1453 3590 f

282 3616 523 3698 καταψηφίζεσθαι
537 3615 569 3679 di
594 3629 698 3696 erunt,
712 3615 793 3680 illud
813 3632 860 3680 est
878 3616 1074 3680 scabinorum
1088 3613 1139 3679 vel
1158 3617 1314 3680 ICtorum
1337 3615 1380 3680 de

281 3699 409 3765 erimine
430 3700 711 3788 pronuntiantium,
727 3702 806 3766 sitne
819 3725 892 3766 vere
908 3725 947 3765 an
963 3701 1042 3766 falso
1054 3701 1241 3779 incusatum,
1257 3717 1289 3765 et
1338 3725 1381 3766 un
1452 3727 1453 3730 ¹

282 3786 323 3850 sit
343 3808 437 3873 poene
458 3786 782 3862 animadvertendum
816 3787 875 3852 hoc
892 3787 1019 3875 judicie,
1042 3786 1271 3851 exsecutionem
1292 3787 1300 3800 '
1329 3809 1382 3852 ius

283 3893 386 3958 poenae
399 3871 563 3936 indicentis
576 3885 671 3960 etque
686 3873 862 3938 mandantis
879 3893 950 3958 154,
962 3879 1064 3958 37²³]
1079 3875 1165 3951 βουλὴ
1179 3872 1277 3936 τούτου
1294 3874 1384 3937 κατί-

321 3984 375 4021 ωιιε
389 3957 538 4022 adversus
551 3979 622 4022 eum
639 3959 863 4046 pronuntiavit,
880 3962 951 4046 δῶρα
966 3959 1120 4040 λαμβάνειν
1135 3960 1194 4020 ‚aad
1209 3963 1283 4039 ὑμῶν
1304 3981 1382 4024 eum

283 3983 500 4129 idrgitionibus
514 4059 696 4132 eorruptum
708 4045 784 4132 jura
801 4059 833 4109 et
852 4043 1062 4109 emolumenta
1075 4057 1177 4108 vestre
1191 4041 1383 4123 vendidisse,

283 4127 456 4216 prodidisse
469 4131 512 4193 D.
531 4145 603 4214 107,
618 4147 672 4216 34.
717 4137 814 4194 ίαυτοῦ
829 4131 942 4194 θάνατον
956 4148 1028 4208 111,
1043 4145 1075 4214 5.

329 4214 515 4300 καταγνόναι]
532 4220 580 4293 την
594 4219 670 4279 κλεῖν
685 4217 848 4299 κατεαγότα
864 4231 936 4298 247,
955 4235 1006 4279 11.
1043 4212 1210 4300 κατεαγέναι
1230 4217 1278 4292 τὴν
1292 4233 1387 4293 κεφα-

285 4303 345 4382 λὴν,
360 4298 376 4378 ἢ
391 4299 478 4386 ῖτερόν
491 4327 518 4365 τι
537 4301 631 4378 1268,
649 4302 869 4388 3.εκατεάγην
888 4305 935 4379 την
954 4304 1076 4381 κεφαλὴν
1091 4301 1157 4363 An.
1175 4319 1206 4384 9,
1223 4303 1387 4376 7..-·..οιέδεδς

287 4387 413 4470 κατεάγη
428 4391 476 4464 τὴν
491 4391 611 4467 κεφαλὴν
623 4385 666 4451 Ἰ..
684 4403 737 4471 97,
751 4404 806 4474 33.
845 4387 1019 4476 *κατεαγεδς
1041 4389 1088 4464 τὴν
1110 4388 1230 4469 κεφαλὴν
1253 4403 1309 4471 99,
1326 4407 1385 4468 44.

287 4471 471 4551 κατεάξαντας
487 4492 559 4552 100,
575 4492 609 4558 5.
1139 4487 1141 4490 ’
