2920 4986
511 255 833 321 eunomium.
1155 274 1221 348 495

115 424 180 488 An.
200 427 273 510 [34,
288 423 530 512 23.]εκολάζιιν
548 429 621 512 χρδ,
646 430 677 491 ού
697 426 778 510 μύκον
798 434 854 491 τῶν
876 429 1102 516 ταριληλυθίτοον
1129 429 1219 512 ίιεκα,

114 511 199 574 ἄλλοί
213 511 263 574 καί
277 515 326 574 τοῦ
339 511 568 597 παραδείγματος
581 519 636 576 τῶν
650 512 809 593 μελλύντευν
824 511 934 578 ἔσεσθαι
951 515 993 579 L.
1013 518 1084 595 166,
1101 517 1130 581 8.

159 595 314 685 κολακεία]
336 601 400 672 ταῖς
417 595 577 672 κολακείαις
598 603 623 660 ol
643 604 770 663 πλεῖστοι
790 600 1049 686 ψυχαγωγούμενοι
1072 621 1165 687 1099,
1182 623 1214 687 9.

113 680 227 756 τούτους
243 687 290 758 τῆς
303 681 381 766 άγαν
396 682 545 756 κολακείας
560 684 728 768 δτισχῆσετε
746 685 840 761 1128,
858 687 909 748 16.
951 687 1074 751 τεθνάναι
1087 688 1216 775 μυριάκις

113 767 286 916 aalma&
297 767 506 918 μολακεξὲἰιῇά
522 782 570 878 μεθ
583 767 648 877 τρίς
663 769 824 918 κολρικείαν,
842 785 899 877 ειμι
913 773 944 834 ἐκ
960 772 1121 858 κολακείας]
1142 779 1216 851 τοιῆ-

111 855 710 1025 Lafaiii'fflanifiiliss'f'ie
736 857 1214 1026 ifflfflffiffiiiiss‘iiss

111 1046 168 1101 τοι,
183 1027 264 1086 ἀλλὰ
279 1029 313 1109 τῇ
328 1025 464 1088 κολακεία
477 1027 664 1109 θεραπεύοντες
676 1043 732 1110 52,
747 1045 781 1106 4.
818 1025 970 1090 κολακείαν
984 1033 1089 1107 πολλὴν
1103 1029 1214 1108 amla-

110 1131 160 1170 ταε
177 1111 233 1192 76,
247 1087 540 1192 42.εάμιλλύμινος
553 1113 615 1184 ταῖς
630 1110 790 1186 κολακείαις
802 1114 868 1197 τρδς
882 1113 1032 1186 τούς-Ι).
1051 1134 1089 1178 10
1114 1161 1124 1192 ,
1138 1116 1189 1180 18.

154 1196 333 1283 κολακεύειν]
363 1197 423 1258 καθ
449 1198 600 1280 ὑπερβολὴν
622 1197 758 1282 αἰσχύνης
784 1197 922 1280 (summo
944 1221 1016 1263 cum
1042 1199 1063 1263 d
1105 1203 1208 1285 eoore)
1300 1247 1305 1255 -

110 1280 342 1432 κεὸκολακειικθτα
361 1280 502 1345 Φίλιττον
523 1281 581 1344 AE'.
606 1281 659 1359 62,
685 1301 735 1367 19.
775 1280 888 1368 χαίρειν
916 1283 1131 1368 κολακευόμενος
1153 1289 1208 1369 87,

112 1386 128 1430 1
158 1414 167 1432 ,
928 1416 931 1424 .

152 1455 259 1540 κόλαξ]
284 1461 309 1518 ol
323 1455 351 1517 δδ
363 1455 427 1530 τοὺς
446 1452 583 1534 κίλακιις,
599 1456 647 1518 καί
665 1457 727 1530 τοὺς
741 1454 948 1534 διαβάλλοντας
967 1457 1076 1536 αύτούς,
1096 1463 1209 1537 μᾶλλον

108 1538 194 1618 ittig
206 1541 310 1624 μάχας
329 1539 433 1603 δεδίασι
455 1555 530 1626 155,
547 1558 576 1624 7.
619 1539 647 1616 δς
669 1539 855 1626 εὐτυχούντων
877 1541 937 1603 iuri
955 1539 1057 1620 κίλαξ,
1073 1539 1125 1606 κάν
1138 1546 1207 1606 ἀτυ-

104 1633 200 1710 χῶσι,
218 1633 274 1688 τῶν
294 1630 385 1690 αὐτῶν
404 1625 508 1689 τούτοιν
528 1625 656 1711 τροδύτης
680 1644 774 1704 1121,
787 1640 818 1774 5.
863 1630 934 1708 ὑμᾶς
948 1629 1024 1705 ἀξιοῖ
1039 1627 1101 1702 τοὺς
1116 1632 1207 1692 αὐτῶν

107 1709 238 1786 κύλικας
252 1713 300 1774 καί
317 1709 459 1796 ύμιτύρους
474 1712 599 1794 ἡγεῖσθαι
613 1710 708 1794 φίλους
725 1729 788 1790 144
811 1756 820 1788 ,
838 1729 888 1791 24.

154 1799 359 1876 κολλυβιστὴς,
373 1811 578 1882 permutator.
593 1797 632 1860 1..
646 1819 666 1861 a
691 1843 699 1860 .
716 1795 799 1860 Poll.
814 1797 894 1860 VII.
907 1815 961 1881 33.

150 1881 271 1970 κύλτος]
294 1886 368 1968 γαῖα
389 1883 416 1946 δὲ
438 1885 536 1967 πατρίς
560 1881 619 1969 ἔχει
642 1819 754 1957 κίδτοις
772 1890 826 1946 τῶν
848 1885 970 1944 πλεῖστα
989 1881 1134 1963 καμύντοον
1147 1881 1205 1946 σού-

104 1993 191 2049 ματα
202 1987 280 2052 322,
300 1988 351 2049 14.
395 1967 528 2049 ἐνθεμένης
542 1973 578 2043 είς
594 1969 639 2030 τθι
654 1967 755 2031 κίλτον
772 1968 866 2053 1156,
882 1969 935 2033 26.
965 1968 1023 2053 τερί
1041 1967 1088 2030 τδν
1101 1968 1205 2053 Ἀργο-

104 2054 186 2116 λικδν
200 2053 303 2116 κύλτον
320 2066 413 2138 1237,
429 2074 459 2138 9.

149 2139 310 2223 Κολυττδς]
336 2137 375 2201 ὅτ’
394 2141 426 2202 ὲκ
450 2143 597 2202 Κολυττού
620 2136 758 2224 διῳκίζετο
781 2143 818 2212 είς
839 2141 888 2217 τὴν
908 2135 1030 2220 Φαίδρου
1051 2137 1139 2201 οΙκίαν
1161 2139 1202 2203 L.

104 2242 237 2408 9oriiipi3]
262 2313 312 2388 τὴν
332 2312 383 2391 μὶν
405 2309 489 2394 κθμηι
510 2311 609 2389 ψιλὴν,
630 2311 682 2384 τοὶς
703 2309 731 2372 δῖ
755 2309 918 2394 μασχάλας
943 2306 1055 2381 δασείας
1081 2307 1124 2372 L.
1150 2330 1200 2396 ap.

6 2429 7 2432 ¹
104 2393 197 2458 Surd.
211 2418 245 2458 m
259 2396 310 2458 ιἰκδ
324 2397 428 2478 μάλης.

146 2484 247 2561 κομιδὴ
260 2480 455 2567 recuperatio
468 2479 581 2546 amissi.
600 2486 647 2557 τῆς
662 2480 806 2557 εὐβουλίας
821 2480 967 2562 ύτύμνημα
978 2483 1026 2557 τὴν
1037 2477 1201 2560 Σαλαμῖνος

102 2569 217 2643 κομιδὴν
235 2570 330 2646 1416,
346 2583 377 2650 7.
414 2565 562 2654 depensio
574 2566 672 2631 debiti
687 2565 756 2630 oeris
774 2589 794 2630 a
811 2581 900 2653 parte
915 2563 1074 2642 debitoris,
1089 2563 1139 2628 vel
1153 2587 1200 2628 re-

6 2653 7 2728 }
101 2651 266 2737 cuperatio
280 2653 349 2739 ejus
362 2676 383 2716 a
394 2665 483 2740 parte
496 2651 667 2717 creditoris.
691 2655 739 2715 οὐκ
754 2651 791 2714 ἔνι
805 2656 853 2730 τὴν
868 2652 978 2730 κομιδὴν
991 2649 1119 2732 γενέσθαι
1133 2649 1199 2713 τού·

101 2763 156 2800 τοι
170 2745 226 2800 τῶν
238 2737 394 2822 χρημάτων
410 2739 484 2823 987,
503 2757 551 2824 13.
585 2735 812 2814 adverbialiter,
826 2735 929 2824 plane,
944 2734 1095 2822 profecto,
1110 2757 1200 2822 pror·

6 2833 8 2874 7
101 2844 164 2886 sus.
188 2826 286 2897 ἁπλῶς
300 2825 348 2886 καὶ
365 2827 460 2908 κομιδῇ
474 2823 667 2905 τετυφωμένας
683 2823 757 2907 665,
776 2842 824 2907 13.

144 2907 268 2988 κομίζειν
281 2907 400 2973 afferre.
421 2911 486 2994 ιἰτέρ
501 2917 550 2971 τοῦ
561 2913 643 2972 τάκεῖ
652 2909 791 2996 χρήματα
807 2905 979 2987 θφειλίμενα,
994 2907 1029 2980 ὥς
1044 2905 1102 2986 ἔφη,
1118 2905 1199 2988 κομί-

6 2999 8 3028 ³
99 3015 151 3055 σαι
165 2995 255 3078 δεῦρο,
271 2998 438 3080 λειτουργεῖν
451 2997 506 3080 58,
522 2994 579 3059 ult.
610 2993 767 3058 adducere
779 2993 812 3056 in
826 2993 977 3071 medium,
992 3013 1094 3056 coram
1111 2991 1197 3056 siste-

6 3089 7 3150 }
99 3099 144 3158 re,
158 3077 320 3144 exhibere.
341 3078 407 3144 ύταν
421 3105 463 3155 τις
477 3083 509 3144 τδ
524 3087 608 3162 σῶμα
621 3082 761 3165 παραδιδῷ
775 3078 894 3159 κομίσας
909 3077 949 3142 de
963 3100 1063 3154 servo,
1078 3075 1128 3140 vel
1142 3099 1197 3142 an-

98 3162 182 3238 cilla,
196 3165 291 3250 cujus
312 3189 426 3252 oorpua
444 3165 540 3230 herus
556 3165 597 3230 ad
619 3179 771 3230 torturam
787 3164 907 3251 praebet
923 3183 1017 3244 1142,
1032 3185 1107 3250 pen.
1151 3165 1196 3226 ἵνα

99 3248 416 3336 κομίοῃτὴνάνθροιτου
431 3253 478 3314 καὶ
493 3254 607 3336 παραδῷ
624 3277 672 3332 μοι
698 3271 791 3336 1143,
812 3269 862 3314 10.
894 3267 988 3330 1144,
1005 3251 1037 3313 6.
1074 3249 1196 3335 inpas-

6 3393 8 3396 .
97 3333 174 3398 nivo.
198 3334 283 3414 vehi,
298 3335 381 3400 navi.
401 3335 492 3415 εύστερ
507 3341 534 3398 ἐν
547 3337 635 3400 τλοίεο
651 3343 704 3398 τῶν
723 3337 774 3418 μὲν
789 3335 878 3419 ἱστίῳ,
893 3342 947 3397 τῶν
962 3336 988 3398 li
1004 3334 1109 3408 κοίταις
1123 3340 1194 3398 ἆτο-

98 3419 271 3500 waplam
286 3421 445 3501 κομίζεσθαι
464 3425 557 3506 1465,
572 3425 603 3486 6.
619 3401 627 3422 ’
641 3422 681 3484 In
701 3420 815 3499 medio,
834 3442 1028 3528 recuperare,
1049 3419 1193 3499 aufferre,

6 3563 7 3568 ,
96 3503 224 3569 lucrari.
248 3509 287 3569 τοὶ
306 3504 412 3594 ύμύτιρ
435 3511 524 3570 αύτύιν
547 3509 699 3587 κομιεῖσθαι
720 3525 774 3586 42,
795 3526 844 3590 13.
888 3508 1002 3569 θανατον
1024 3508 1071 3581 τὴν
1094 3503 1193 3583 ζημίαν
1267 3521 1270 3532 “

6 3613 7 3658 l
96 3590 354 3674 ύηφισαμάνων,άι
368 3619 408 3667 τις
423 3591 481 3679 ε’ίτρ
497 3590 655 3674 κομίζεσθαι
671 3590 827 3656 Salamina
842 3615 862 3654 ο
904 3604 985 3654 τίκτε
998 3589 1039 3656 ab
1050 3588 1193 3654 hostibus

6 3679 8 3760 ᾖ
94 3675 277 3763 recuperari
290 3695 367 3756 420,
384 3697 434 3759 24.
477 3677 553 3742 τίθει
568 3683 592 3740 ol
605 3679 655 3757 μὲν
674 3678 787 3761 [morte
801 3699 855 3740 mu
868 3674 955 3762 etati]
974 3680 1025 3749 τοὶς
1042 3679 1153 3761 ψυχὰς,
1168 3681 1193 3740 ol

6 3767 8 3820 ὲ
95 3763 124 3825 δῖ
142 3763 292 3847 [carnem
306 3762 426 3844 exsilio,
439 3762 609 3850 ignominia
622 3762 737 3847 affecti]
755 3765 787 3826 τὸ
802 3767 840 3842 μὴ
855 3765 926 3826 δεινοὶ
940 3760 1093 3825 τετοιθίναι
1109 3785 1191 3842 κομι·

93 3853 189 3911 οὖνται
204 3865 282 3932 792,
296 3867 347 3932 15.
383 3851 426 3912 lel
440 3854 488 3928 τὴν
501 3847 639 3934 τράπεζαι
653 3849 854 3912 ἀκολουθοῦντα
867 3846 1027 3929 κομίζεσθαι
1042 3849 1090 3923 τὴν
1101 3872 1192 3909 κατα-

93 3932 181 4010 δίκην.
205 3948 243 3997 ut
257 3956 308 3998 me
321 3934 485 4000 comitatus
505 3933 546 3998 ad
569 3955 705 3998 mensam
725 3931 905 4011 numularii,
918 3931 962 3996 ibi
976 3954 996 3995 a
1010 3954 1059 3995 me
1073 3930 1191 4018 accipe-

93 4032 141 4082 ret
156 4041 314 4083 summam
328 4019 410 4099 aeris,
425 4043 490 4107 qua
503 4017 673 4084 mulctatus
691 4041 789 4083 essem
811 4033 905 4104 1154,
921 4033 972 4100 27.
1009 4023 1041 4104 τῇ
1056 4015 1191 4104 ὑστεραία

93 4105 250 4182 ίκομίσατο
265 4106 296 4167 τδ
310 4106 440 4191 ἀργύριον
452 4112 500 4182 τῆς
515 4105 600 4181 δίκης.
623 4129 676 4183 tea,
718 4103 782 4168 uod
800 4103 860 4191 ipsi
876 4102 1028 4167 sententia
1043 4102 1189 4189 judicum

93 4189 258 4255 addictum
271 4205 363 4269 esset,
379 4205 448 4255 uta
460 4214 511 4255 me
524 4189 583 4278 ipsi
597 4128 838 4277 depeniendum
857 4191 952 4266 1162,
972 4203 1019 4271 17.
1064 4191 1113 4252 οὐκ
1129 4192 1191 4251 ἀνε-

93 4275 229 4361 εοκύχασι
255 4276 288 4340 in
313 4276 446 4341 iudioem
471 4299 533 4340 non
559 4275 745 4354 retulerunt,
772 4272 965 4357 κεκομισμένοι
990 4272 1092 4349 ταύτην
1115 4295 1189 4336 cum

94 4375 200 4426 tamen
212 4384 282 4448 eam
295 4361 337 4427 ab
351 4361 405 4427 illo
418 4361 641 4449 recuperarint,
655 4384 751 4449 penes
763 4383 857 4448 quem
872 4359 1077 4470 oppignerata
1093 4355 1190 4421 haeae-

93 4461 144 4512 rnt
162 4467 257 4534 1031,
272 4469 302 4536 9.
346 4449 374 4512 ἦν
388 4446 405 4536 ᾗ
421 4443 576 4537 [epistola]
594 4448 733 4597 ύτίρχετο
748 4452 796 4527 τὴν
807 4451 975 4533 Χιρρονησον
989 4443 1144 4528 κομιεῖσθαι
1157 4469 1192 4532 a]

604 4555 625 4598 ¹
676 4553 698 4615 4
