2934 4976
284 283 347 346 810
591 265 595 272 '
711 369 717 382 1
749 281 906 347 tunux

282 457 318 528 είς
332 453 394 526 τοὺς
408 453 510 526 αἰτίους
525 449 693 515 ἀπώσασθαι
708 453 784 532 408,
801 472 851 521 22.
887 456 917 536 0)
935 451 1080 540 incipere,
1094 450 1194 516 ordiri
1208 473 1288 532 rem,
1301 450 1383 539 prin-

282 539 411 627 cipium,
427 537 599 625 auspicium
614 537 727 618 lacere,
742 538 886 626 princeps
906 551 938 604 et
959 553 1069 603 auctor
1091 537 1167 602 fieri.
1212 536 1319 612 δίκαιος
1341 551 1384 600 λι-

220 643 223 652 ⁴
285 630 386 710 γιστῆς
400 633 453 688 τῶν
466 629 543 711 παρὰ
557 632 611 686 τῶν
625 624 687 687 θεῶν
701 625 878 710 ὑπηργμένων
893 626 1047 688 bonorum
1065 637 1097 688 et
1115 623 1341 688 beneficiorum
1355 623 1384 686 in

286 725 478 776 antecessum
488 709 586 788 velut,
590 732 658 796 par
666 733 797 798 aucupe,
806 711 896 775 nobis
904 711 1054 774 divinitus
1065 711 1269 774 tributorum.
1291 733 1311 772 υ
1339 709 1386 773 tte

284 799 411 884 benefits
432 797 498 860 and
515 797 714 884 advantage
736 798 833 861 which
853 798 922 862 God
940 799 999 862 Ιιυο
1012 800 1115 895 given
1129 819 1168 860 aa
1183 798 1289 882 bfine

284 897 436 970 tanquam
456 881 686 969 manupretium
707 882 846 969 aliquod,
861 897 917 948 aut
936 883 1034 947 veluti
1053 883 1219 981 pecuniam
1241 895 1385 946 mutuam

285 968 455 1056 aliquando
478 968 680 1048 reddendam,
704 985 759 1032 aut
782 983 930 1056 tanquam
953 983 1125 1048 materiam,
1142 969 1174 1031 in
1196 991 1263 1055 qua
1285 967 1388 1032 elabo-

283 1056 383 1120 randa
392 1055 487 1142 gnavi
499 1055 595 1118 simus
605 1068 700 1141 atque
715 1055 823 1120 seduli.
845 1057 953 1135 verbo,
969 1054 1219 1143 opportunitates
1233 1067 1267 1119 et
1281 1053 1387 1141 praesi-

255 1177 259 1186 ·
283 1141 337 1206 dia
351 1155 434 1218 sunt,
449 1141 566 1228 quibus
581 1141 750 1206 instructus
765 1155 800 1206 tu
814 1141 856 1206 ad
870 1165 935 1206 rem
950 1141 1120 1229 gerendam
1139 1139 1269 1206 maedus
1287 1161 1340 1220 12,
1357 1159 1386 1204 1.

285 1235 356 1312 ὑμεῖς
370 1228 414 1292 οὑν
429 1228 549 1314 ὑπάρξαι
565 1230 604 1290 δεῖ
614 1232 731 1312 χρηστοὶ
746 1228 957 1312 βουλευομένους
971 1230 1018 1292 καί
1032 1228 1109 1292 πάνθ’
1125 1225 1177 1305 ἕξει
1198 1234 1308 1301 καλαῖς.
1345 1247 1387 1290 we

281 1324 370 1379 οεειεθ
382 1315 473 1380 mulce
486 1315 539 1377 ab
586 1315 711 1400 ποίοις,
726 1324 811 1379 matt
825 1324 912 1380 enter
925 1335 966 1379 ονε
981 1315 1031 1379 tle
1045 1323 1159 1378 nmtter
1174 1314 1251 1378 witlt
1270 1315 1388 1400 tuing

281 1401 368 1489 good
381 1401 534 1464 odvice-
616 1407 700 1464 murt
713 1401 749 1464 be
763 1400 899 1486 tltefirat
912 1399 1090 1485 atcp-and
1104 1400 1176 1464 then
1194 1400 1241 1463 all
1260 1400 1329 1463 utu
1340 1422 1386 1488 go

287 1488 408 1552 πού-η
433 1489 475 1549 διοῖ
491 1490 543 1560 τοῖς
557 1483 726 1574 εὐεργεσίας,
741 1484 774 1560 ἃς
795 1490 913 1572 ὑπῆρξαν
933 1491 968 1560 είς
983 1489 1065 1568 ὑμεῖς,
1078 1509 1151 1572 quae
1166 1485 1262 1572 primi
1284 1485 1318 1550 in
1333 1509 1388 1550 vce

285 1572 487 1638 contulerunt
509 1588 651 1670 431,17.
695 1570 761 1635 ὥστ’
784 1577 838 1659 οὑχ
862 1572 996 1672 ὑπάρχων
1019 1571 1096 1655 [scil.
1115 1578 1162 1648 τῆς
1186 1573 1307 1659 ἔχθρας]
1325 1594 1386 1636 non

284 1659 470 1746 injuriarum
483 1658 599 1722 faciens
613 1656 747 1737 initium,
763 1658 902 1722 non-vim
918 1658 1063 1738 inferens,
1077 1662 1157 1720 ἀλλὰ
1170 1659 1385 1744 τιμωρούμενος,

285 1745 340 1810 scd
354 1767 419 1831 quo
433 1744 549 1809 illatam
565 1743 718 1830 depellam
733 1758 765 1809 et
779 1743 918 1826 ulciscar,
932 1750 1102 1828 ἀγωνιοῦμαι
1118 1746 1163 1806 τὸν
1178 1747 1280 1828 ἀγῶνα
1292 1751 1387 1808 τοῦτον

289 1845 382 1917 1345,
399 1849 429 1914 7.
466 1831 636 1910 ἀνεπίφθονον
650 1833 726 1915 αὐτῷ
741 1831 806 1894 εῖναι
820 1832 995 1916 τιμωρεῖσθαι
1016 1829 1061 1893 πὺν
1081 1829 1253 1913 ὑπάρξαντα.
1301 1853 1386 1909 eum,

285 1917 341 2004 qui
355 1916 440 2004 prior
453 1915 582 2004 injurias
595 1915 745 1980 obtulerit
762 1933 854 2001 1350,
865 1937 897 1998 4.
920 1915 954 1997 d)
970 1915 1060 1980 alicui
1075 1931 1202 2003 praesto,
1241 1915 1386 2004 rupitias,

285 2003 414 2083 amicuS,
428 2002 511 2067 fidus
525 2017 557 2067 et
570 2019 673 2066 certus
687 2026 762 2083 esse,
777 2003 809 2066 in
824 2003 891 2091 ejus
949 2015 1057 2078 testate
1072 2017 1103 2067 et
1116 1939 1271 2066 clienteia.
1307 2007 1386 2066 ἀλλὰ

286 2091 335 2153 καί
348 2091 457 2163 τούτους
472 2089 619 2171 μαλακοὺς
633 2088 741 2166 ἐποίησε
756 2092 787 2154 πῖ
807 2089 853 2152 τὸν
866 2094 896 2152 Φ
908 2105 1006 2152 λεππον
1028 2092 1120 2163 αὐτοῖς
1142 2088 1280 2173 ὑπάρχειν
1298 2087 1386 2174 [sub-

285 2174 360 2239 audi
372 2173 451 2256 φίλεν
477 2176 615 2250 πεισθῆναι
624 2175 699 2260 358,
711 2189 741 2258 7.
763 2175 841 2252 δῆλός
856 2176 1034 2239 ἔστιν-καθ’
1050 2179 1124 2257 ὑμεῖν
1139 2174 1268 2257 ὑπάρξορν
1280 2175 1383 2260 ἐκείνῳ,

284 2261 353 2325 that
366 2261 404 2324 lte
451 2263 458 2277 ⁸
495 2262 530 2324 be
543 2270 578 2324 at
591 2260 641 2325 Ῑιῖο
655 2263 833 2326 οουιυεειεοεῖο
846 2263 882 2326 in
1001 2263 1076 2326 ‘tion
1098 2270 1128 2324 to
1145 2259 1329 2346 μου-οὐαί
1349 2261 1386 2324 lte

284 2347 350 2410 will
362 2348 452 2410 allow
465 2346 600 2432 himself
605 2355 635 2410 to
649 2347 684 2410 ὑυ
699 2348 789 2412 made
806 2369 863 2412 ειυο
878 2283 1046 2434 mim
1069 2349 1203 2435 against
1218 2369 1288 2432 μου
1309 2363 1384 2434 377,

288 2452 338 2497 10.
362 2430 425 2510 lup
440 2434 466 2494 δὲ
483 2436 530 2511 τῆν
544 2433 622 2496 πόλιν
639 2434 687 2496 καῖ
701 2439 773 2512 σφοῖς
789 2435 884 2508 αὐτοὺς
900 2433 1060 2518 ὑμυλύγουν
1074 2438 1149 2515 αὐτῷ
1165 2432 1295 2517 ὑπάρξειν
1308 2435 1383 2518 384,

286 2533 339 2602 25.
383 2517 541 2602 ὑπαρξάσης
556 2523 603 2593 τῆς
618 2522 681 2603 παρ’
698 2525 772 2600 ὑμῶν
785 2520 885 2595 εὐνοίας
899 2518 1016 2583 etiamsi
1036 2519 1077 2583 ab
1095 2541 1172 2582 aura
1186 2534 1292 2582 vestra
1313 2518 1385 2582 sub-

284 2603 418 2682 levatus,
433 2602 553 2674 etiamsi
567 2603 734 2669 audientiae
748 2618 859 2670 vestrae
873 2604 949 2670 mihi
962 2628 1024 2670 non
1039 2603 1174 2669 desuerit
1185 2605 1331 2692 aequitas,
1342 2609 1384 2683 li·

286 2696 377 2752 λὸοσαε
392 2692 489 2767 δυνηθῶ
503 2697 541 2753 τοὶ
555 2715 610 2752 πεπ
627 2691 739 2775 αγμένα
753 2709 846 2778 1322,
864 2691 1153 2778 ι9.--οἰποτρίβεσθαι
1167 2695 1206 2754 ποῖ
1218 2692 1384 2779 ὑπάρχοντα

285 2779 361 2860 αὐτῷ
383 2776 554 2858 ἐγκλήματα
573 2717 629 2839 AEf.
647 2791 698 2861 25,
717 2797 769 2863 29.
814 2777 949 2864 ὑπάρχειν
970 2779 1021 2841 πινῖ
1043 2775 1213 2864 εὐεργεσίας,
1227 2777 1385 2841 beneficiis

284 2859 420 2948 aliquem
435 2861 616 2947 promereri.
653 2862 822 2950 εὐεργεσίας,
837 2861 869 2937 άς
883 2867 957 2945 ὑμεῖς
973 2865 1109 2948 ὑπήρξατε
1122 2863 1264 2949 Ἀμύντᾳ,
1278 2868 1319 2948 τῷ
1333 2868 1385 2926 Φε-

284 2945 386 3010 λίπτου
402 2950 485 3032 πατρί
500 2967 554 3032 31,
569 2967 623 3033 31.
661 2949 830 3034 ὑπῆργμένοιι
846 2947 882 3023 εῖς
895 2975 957 3012 τινα
972 2947 1125 3035 ὑπηρεσίαι,
1139 2947 1242 3012 officia
1261 2949 1384 3014 dudum

279 3046 357 3097 ante
379 3032 519 3119 praestita
531 3053 586 3114 42,
604 3052 654 3118 23.
700 3033 849 3098 καταλύειν
870 3039 919 3114 τῆν
940 3035 1121 3120 ὑπάρχουσαν
1144 3035 1246 3121 εῖρῆνιιε
1263 3039 1319 3115 61,
1334 3055 1383 3100 21.

284 3116 327 3182 ὐτι
341 3122 400 3205 περὶ
416 3127 469 3183 τιῖυ
484 3120 663 3205 ὑπαρχόντων
677 3121 789 3204 ἀγαθῶν
804 3125 830 3184 ἐν
845 3119 947 3207 ῆμίρας
965 3126 1074 3208 σμικρῷ
1094 3119 1170 3205 με’ρει
1195 3124 1384 3205 διαγωνιεῖται

283 3217 337 3286 74,
353 3224 405 3289 34,
435 3209 591 3290 οῖγευνιστῆς
605 3203 723 3286 άμείνυιε
737 3206 802 3292 ὑπὲρ
817 3212 864 3283 τῆς
878 3206 981 3280 πύλευις
997 3207 1109 3293 ὑπάρχῃ
1125 3207 1178 3288 78,
1194 3206 1386 3292 1111.;ὑπάρ-

281 3314 347 3375 χειν
360 3293 408 3368 τῆν
422 3290 555 3377 ἀκρόασιν
568 3293 624 3365 τοῖς
639 3291 783 3376 φεύγουσι.
827 3293 886 3357 reis
899 3307 1014 3378 praesto
1027 3315 1092 3356 esse
1102 3291 1310 3372 audientiam,
1319 3293 1384 3380 jam

283 3387 423 3462 paratam
445 3389 476 3439 et
495 3376 685 3464 expeditam,
701 3377 748 3441 vel
770 3390 938 3466 antequam
959 3377 1062 3442 dicere
1082 3378 1234 3466 incipiant
1248 3381 1296 3443 A.
1315 3399 1385 3462 129,

282 3478 337 3541 41.
381 3461 454 3525 οὐδέν
468 3487 515 3544 μοι
531 3469 648 3527 τοιοῦτον
663 3468 781 3550 ὑπῆρκτο
797 3468 833 3539 εῖς
848 3466 939 3528 αὐτόν.
984 3463 1028 3528 nil
1042 3463 1104 3529 tale
1117 3463 1157 3528 de
1171 3489 1210 3529 eo
1229 3465 1384 3552 promeri-

284 3559 336 3610 tus
348 3567 444 3626 eram,
459 3547 503 3611 nil
516 3547 661 3629 feceram,
676 3549 762 3635 quod
776 3549 930 3636 ejusmodi
946 3573 1072 3638 poenam
1090 3551 1130 3615 ab
1152 3574 1190 3616 eo
1213 3551 1294 3615 mihi
1315 3575 1385 3616 con-

284 3631 425 3696 scisceret
442 3636 514 3719 136,
534 3654 583 3720 13.
621 3639 712 3698 retitui
727 3641 849 3722 ὑπῆρχεν
862 3641 939 3724 αὐτῷ
954 3641 989 3712 είς
1003 3641 1111 3716 ἲιεεῖνον,
1125 3635 1194 3724 άπερ
1210 3637 1284 3720 ἐμοί.
1315 3637 1387 3702 rati-
1436 3651 1443 3678 ⁸

282 3739 357 3782 ones
372 3719 495 3806 Lycino
508 3743 580 3784 cum
596 3720 727 3786 Herode
737 3745 865 3808 prorsus
877 3723 996 3788 eaedem
1007 3739 1106 3804 erant,
1114 3737 1211 3812 atque
1221 3723 1303 3788 mini
1314 3747 1384 3788 cum

283 3803 393 3902 eodem
424 3805 553 3904 llemde
582 3809 654 3904 136,
682 3809 856 3874 Marivm
886 3809 1064 3898 ὑπαρχύεπνιν
1093 3813 1186 3884 αὐτοῖς
1211 3811 1335 3896 quibus
1355 3825 1386 3874 et

284 3902 410 3975 quantis
424 3914 482 3978 ipsi
496 3914 567 3956 cum
582 3893 665 3957 vitiis
681 3910 852 3981 urgeantur
866 3897 928 3960 An.
948 3915 998 3974 12,
1017 3911 1067 3978 27.
1103 3895 1219 3962 ἀπέδοτε
1233 3901 1285 3974 τὴν
1300 3897 1386 3980 ὑπάρ-
1456 3909 1458 3980 ξ

281 3999 394 4060 χουσιεν
408 3979 504 4062 άρετῆν
522 3997 571 4058 14,
585 3998 639 4060 40.
684 3980 708 4044 οῖ
723 3984 842 4079 ὑπῆρξαν
857 3988 902 4058 τῆς
917 3981 1068 4068 ἐλευθερίας
1082 3983 1177 4069 ἁπάσῃ
1200 3983 1383 4067 τῇῈλλάύι.

282 4073 424 4125 auctores
438 4075 469 4126 et
483 4063 638 4152 principes
649 4064 810 4145 libertatis,
842 4067 935 4132 uibus
949 4091 987 4133 ea
1000 4068 1143 4146 debetur,
1155 4082 1191 4132 ut
1206 4068 1320 4155 primis
1330 4068 1386 4132 im-
1456 4071 1457 4144 l

281 4144 460 4232 pulsoribus
473 4163 568 4235 atque
583 4150 780 4216 effectoribus
798 4091 848 4232 18,
863 4173 915 4239 34
962 4153 1081 4241 ὑπάρχει
1096 4158 1199 4233 αὐτοῖς,
1216 4155 1384 4242 whottlcy
1455 4145 1457 4178 ⁴

277 4241 336 4338 pet
349 4232 485 4320 tiaereby,
500 4236 632 4300 ia-hoc
651 4259 703 4301 cos
717 4237 813 4304 veluti
835 4239 1000 4327 praemium
1024 4257 1137 4319 manet,
1153 4239 1240 4326 λόγον
1264 4243 1385 4327 αἰσχρὸν
1456 4289 1457 4316 p

284 4337 425 4400 εχειν22,
446 4340 492 4406 13.
536 4322 565 4384 τί
577 4326 668 4397 αὐτοῖς
683 4327 763 4387 *ὑπα
806 4324 885 4389 ὐντεον
902 4328 997 4410 ἒτὲρυιν
1011 4332 1196 4414 κατηγοροῦσι
1216 4346 1269 4406 12,
1288 4345 1377 4410 27:

283 4404 399 4483 ἆγατοῖν
412 4409 467 4480 τοῖς
482 4405 653 4494 ὑπάρχουσιν
667 4412 782 4495 ἀγαθοῖς
838 4412 885 4476 nis
902 4412 1110 4520 praesentibus
1130 4412 1331 4564 aeguiescere
1345 4415 1382 4478 L.
1455 4425 1457 4440 ⁴

286 4503 357 4568 192,
375 4491 424 4554 26·
462 4491 563 4570 ἀνάξια
577 4501 630 4558 τοῖν
645 4498 681 4570 εῖς
695 4499 767 4578 ὑμεῖς
782 4502 959 4585 ὑπηργμενυον
973 4499 1156 4567 meritorum
1193 4523 1213 4564 e
1226 4499 1381 4566 vobisne·
