2888 4984
235 259 297 344 ,σε
702 253 861 320 mnsx

239 428 441 496 tributionem
455 449 515 515 pro
527 425 682 513 cujusque
695 423 898 490 facultatibus
911 421 1096 510 descriptam
1108 435 1141 486 et
1150 421 1337 509 imperatam

240 521 260 582 6
311 535 364 582 21.

262 533 477 686 7άυνταράττειν
496 597 587 661 πάντα
606 598 644 659 τά
665 595 837 683 πράγματα,
852 595 897 658 ίνα
915 593 930 658 δ
947 593 1042 672 βοάλει
1062 593 1176 676 γένηται
1192 609 1270 676 741,
1287 609 1338 678 25

239 686 459 772 συνταράττεται
478 688 532 758 τοῖς
547 687 620 758 ὁτῆς
633 681 737 755 τέλειος
753 681 855 763 κόσμος
870 694 944 766 775,
963 681 1014 744 18.
1057 679 1104 742 ῖνα
1114 683 1153 760 μδ
1168 681 1265 744 πάντα
1278 679 1338 760 ἅμα

239 773 414 857 συνταράξας
429 771 507 854 λέγω
525 783 619 851 1277,
635 786 685 852 25.
724 769 768 830 διὰ
787 771 835 844 τὴν
855 774 903 830 τοῦ
923 766 1052 846 σάματος
1066 766 1212 852 ῥᾳθυμίαν,
1227 765 1340 828 &war

241 859 429 943 συνετάραξαν
443 861 491 932 τὴν
506 853 688 942 ὑπάρχουσαν
702 853 858 938 εὐπρέπειαν
875 871 969 934 1404,
982 852 1277 939 24εσυνταράττειν
1290 855 1340 925 τάς

240 944 331 1018 ντθλεις
347 944 400 1008 AE.
415 961 470 1022 42,
487 938 758 1024 8..-.συνταράττειν
773 937 837 1016 θλην
851 943 899 1016 τὴν
912 937 991 1001 πάλιν
1005 939 1073 1001 Α11.
1088 956 1119 1021 9,
1134 957 1187 1047 39.

285 1028 461 1108 συντάττειν]
475 1025 565 1112 ὥσπερ
586 1032 625 1108 τῷ
644 1028 743 1101 λαβεῖν
760 1022 911 1100 ἐκκλησίαν
926 1023 1115 1104 άτεδάκιιμεν,
1131 1048 1203 1102 οντα
1218 1023 1268 1086 ιιαδ
1281 1021 1340 1104 περί

126 1175 132 1188 ,
242 1121 292 1180 τοῦ
313 1112 613 1199 συνταχθῆναι-111111
635 1132 678 1173 εον
699 1109 803 1198 might
823 1131 916 1174 cauce
935 1109 1092 1173 οτννετίυτε
1118 1117 1148 1172 to
1173 1110 1211 1173 6ο
1235 1110 1340 1187 med,

243 1201 335 1264 radtd
353 1203 423 1282 167,
440 1201 472 1262 6.
517 1197 584 1279 φημί
607 1199 658 1258 δεῖν
679 1201 751 1275 ἡμᾶς
768 1197 964 1280 συνταχθῆναι.
998 1194 1048 1258 aio
1061 1195 1269 1259 necessarium
1284 1194 1342 1259 hot

243 1286 331 1350 factu
345 1308 421 1364 esse,
435 1297 471 1348 ut
484 1283 642 1371 patiamur
655 1281 745 1345 nobis
758 1281 878 1368 imponi
891 1279 1135 1346 contributiones
1148 1279 1342 1368 pecuniarias

248 1373 321 1450 168,
335 1391 387 1437 21.
431 1374 470 1434 τοὶ
483 1371 534 1450 μὶν
548 1368 672 1448 σώματα
686 1366 756 1430 odron
771 1369 839 1450 φημί
854 1369 906 1430 δεῖν
920 1367 1107 1451 συντετάχθαι
1126 1371 1199 1446 182,
1213 1387 1266 1447 24.
1299 1367 1343 1430 iu

245 1461 309 1542 ἡμῖν
323 1458 371 1521 καί
385 1460 423 1521 τοὶ
435 1457 575 1540 χρήματα
589 1451 605 1540 ᾗ
621 1452 833 1536 συντεταγμένα
851 1454 923 1538 183,
939 1457 968 1518 6.
1011 1455 1106 1515 πάντα
1124 1453 1283 1538 συνετάχθη
1304 1458 1343 1538 τῷ

245 1543 380 1629 ναυάρχῳ
402 1540 602 1606 condiceret
624 1539 793 1604 constituta
814 1537 940 1604 fuerant
965 1553 1038 1603 aute
1062 1561 1136 1602 curn
1156 1537 1344 1626 imperatore

246 1627 360 1706 classis,
376 1627 468 1714 eique
480 1626 622 1714 injuncta
635 1639 668 1690 et
681 1624 829 1690 mandata
843 1640 917 1710 251,
932 1645 981 1689 11.
1024 1625 1225 1690 συντάττεσθαι
1240 1625 1345 1690 condi-

247 1737 329 1793 cere,
351 1713 505 1791 decidere,
527 1712 608 1776 inter
629 1735 673 1791 se,
692 1711 844 1798 depacisci
858 1731 934 1796 344,
950 1709 1006 1774 ult.
1023 1711 1097 1794 708,
1114 1713 1164 1776 18.
1209 1735 1344 1774 συντετα-

247 1799 345 1885 γμένοι
361 1801 417 1882 μεθ’
432 1798 523 1863 θιελυον
537 1799 613 1880 μάνυε
633 1807 687 1862 τοῖν
705 1796 802 1861 άλλαν
820 1806 939 1862 πολιτῶν
952 1797 1029 1883 585,
1044 1818 1115 1884 pen.
1159 1795 1345 1875 συνετάξατε

253 1885 349 1973 [pacti
369 1898 453 1966 sunt,
467 1881 664 1963 deciderunt,
678 1882 726 1947 vel
749 1898 943 1994 receperunt,
958 1882 1197 1971 spoponderunt
1216 1905 1279 1970 pro
1296 1905 1346 1947 mc

242 1971 283 2036 'in
298 1971 442 2037 oerarium
457 1970 611 2056 illaturos]
630 1975 707 2033 κατὰ
726 1973 778 2044 τοῖς
799 1995 885 2034 εικοσι
904 1971 953 2033 καί
971 1969 1053 2033 πέντε
1069 1973 1141 2052 μιεῖς
1161 1967 1346 2044 πεντακοσίας

249 2059 381 2207 &anxuris
396 2057 524 2141 εἰσφέρειν
537 2057 612 2142 815,
626 2076 676 2120 11.
697 2055 896 2120 συντάττεσθαι
911 2060 1037 2144 εἰσφοράν
1051 2057 1116 2140 τρδς
1129 2058 1177 2133 τὴν
1187 2054 1347 2138 συμμορία

271 2145 326 2228 38,
344 2163 375 2227 9.
418 2144 518 2228 τέχνην
537 2143 558 2205 δ
574 2140 724 2206 ἀκούσεσθε
739 2147 787 2204 τοῦ
801 2148 884 2223 σοφοῦ
899 2148 947 2206 τοῦ
960 2147 1054 2204 ταῦτα
1067 2142 1160 2205 πάντα
1173 2139 1348 2225 συντεταχέ-

250 2254 306 2303 τος.
355 2227 411 2315 qui
435 2229 509 2292 istas
534 2226 662 2292 fraudes
686 2249 793 2291 omnes
815 2239 877 2291 tam
905 2225 1059 2291 subtiliter
1082 2239 1179 2312 atque
1202 2225 1348 2312 nequiter

249 2330 444 2379 commentus
463 2327 494 2378 et
515 2311 779 2378 commachinatus
800 2327 857 2390 est,
877 2313 1035 2400 compegit
1054 2325 1151 2398 atque
1171 2312 1348 2376 construxit

253 2401 329 2479 888,
347 2403 398 2466 26.
441 2400 672 2487 πραγματεύεται
685 2398 778 2462 πάντα
792 2401 868 2462 κατὰ
882 2404 929 2474 τῆς
944 2399 1047 2473 τίλιας
1061 2400 1232 2462 συντάττειν.
1267 2421 1348 2463 eom-

251 2509 381 2574 ponens,
404 2486 492 2550 fabre
512 2500 704 2562 construens,
722 2500 773 2567 70,
787 2504 819 2570 3.
862 2483 1055 2570 προσεβοήθουν
1075 2484 1284 2548 adcurrebant
1301 2502 1348 2548 ra-

252 2571 331 2660 ptim
348 2573 394 2634 nai
409 2572 604 2636 συνετάττοντο
620 2584 652 2636 et
666 2569 726 2658 ipsi
741 2583 837 2634 semet
850 2569 883 2634 in
897 2569 993 2634 aciem
1007 2584 1104 2656 atque
1116 2569 1244 2635 ordines
1257 2593 1346 2635 coor-

252 2657 414 2735 dincbant‚
436 2657 644 2722 consistebant
664 2656 830 2728 ordinatim
849 2677 863 2720 1
891 2657 942 2739 78,
959 2657 1270 2734 26.;συντάττεσθαι,
1293 2656 1347 2720 de-

252 2745 377 2831 pacisci,
399 2745 440 2808 de
461 2747 623 2832 compacto
644 2741 825 2830 promittere
838 2675 892 2806 τέ.
910 2761 961 2823 14,
976 2763 1031 2828 33.
1065 2741 1259 2824 συνετάξαμεν
1279 2749 1348 2824 ἡμᾶς

253 2832 351 2905 αὐτοὺς
372 2851 427 2916 31,
448 2831 479 2894 8.
522 2827 683 2893 συντάττειν
707 2828 783 2892 κατά
803 2855 866 2893 τινα
890 2830 997 2903 ψευδεῖς
1022 2827 1192 2916 κατηγορίας
1216 2843 1274 2913 52,
1297 2832 1348 2914 36.

250 2915 406 2999 σύνταγμα
427 2915 564 2992 συντάξας
580 2917 635 2998 67,
654 2917 704 2978 16.
748 2913 974 2996 συντεταγμένοι,
991 2914 1047 3002 qui
1068 2935 1212 3001 recepere
1232 2928 1348 2980 certam

254 3001 492 3088 descriptionem
507 3015 538 3066 et
553 2999 654 3088 legem
668 2999 935 3065 contributionum
952 3000 1210 3065 conferendarum
1225 3003 1282 3084 67,
1299 3001 1348 3068 28.

254 3089 472 3172 συντεταγμένον
492 3085 642 3173 προοίμιον,
664 3085 873 3173 praeloquium
895 3099 962 3152 arte
983 3087 1118 3151 oratoria
1138 3087 1348 3176 conscriptum

231 3195 233 3201 ⁴
256 3173 308 3250 82,
324 3177 468 3258 gemb
488 3173 549 3260 περὶ
570 3173 632 3246 τοὺς
654 3173 725 3248 νέους
747 3171 906 3254 ίιτιμέλειαν
926 3172 1109 3251 συνετάξαντο
1126 3173 1184 3259 by.
1204 3175 1282 3253 162,
1299 3193 1348 3259 23.

261 3281 358 3346 :pro
376 3259 543 3336 ἐπιτάσσειν,
558 3257 717 3338 mandare,
732 3258 896 3346 injungere
910 3260 953 3322 D.
969 3277 1022 3342 91,
1039 3277 1090 3344 25.

299 3343 452 3429 συντείνειν]
465 3343 504 3422 ἓν,
514 3348 549 3418 είς
563 3341 578 3407 δ
592 3342 684 3407 πάντα
698 3344 825 3408 συντείνει
840 3350 911 3428 145,
925 3363 974 3411 22.
997 3343 1079 3408 ἄλλα
1088 3347 1195 3422 πολλοὶ,
1207 3347 1246 3418 είς
1259 3347 1349 3408 raderi

257 3429 285 3492 δέ
299 3428 391 3492 πάντα
405 3429 576 3494 συντείνοντα
590 3429 699 3495 eodem
713 3429 932 3496 contendentis
946 3449 1019 3514 299,
1037 3445 1086 3512 17.

300 3516 460 3603 συντέλεια]
477 3518 508 3579 tx
528 3522 582 3578 τοῖιν
603 3520 629 3580 έν
648 3521 704 3591 τοῖς
722 3516 820 3603 λόχοις
832 3523 993 3580 συντελειῶν
1008 3517 1083 3594 261,
1101 3535 1152 3596 24.
1193 3513 1350 3600 χρημάτεσ

257 3599 326 3663 ὅταν
340 3602 461 3679 ἠδυνήθην
475 3599 533 3685 έγοδ
545 3600 677 3680 πλείστην
691 3601 807 3680 δτοίησα
826 3601 984 3666 συντέλειαν
998 3600 1262 3670 contributionem
1278 3603 1349 3684 306,

260 3686 310 3748 18.
356 3691 391 3760 είς
405 3685 563 3750 συντέλειαν
577 3686 597 3750 ά
620 3712 656 3751 ειν
670 3693 722 3762 τοῖς
732 3687 920 3774 λειτουργίας.
943 3687 1051 3752 munia
1063 3687 1190 3775 publica
1204 3686 1350 3752 reducere

257 3770 297 3834 ad
312 3771 585 3859 comparationem,
597 3714 634 3838 b.
646 3798 672 3838 e.
683 3773 808 3860 jubere,
824 3787 860 3838 ut
878 3773 954 3852 bini,
970 3773 1099 3853 ternive‚
1115 3773 1235 3873 quibus
1248 3773 1351 3861 singu-

257 3856 295 3920 lis
309 3857 412 3922 minus
426 3858 459 3921 in
473 3857 607 3924 fortunis
621 3859 672 3939 sit,
687 3883 782 3946 quam
802 3873 839 3924 ut
859 3860 1028 3947 fungendis
1046 3881 1161 3924 munus
1174 3859 1239 3924 sint
1251 3882 1350 3947 pares,

256 3958 367 4009 coeant
387 3943 420 4008 in
443 3965 540 4008 unum
562 3945 652 4032 quasi
672 3969 796 4033 corpus,
812 3947 1021 4045 pecuniasque
1040 3947 1073 4010 in
1094 3967 1264 4011 commune
1284 3967 1350 4010 wn-

259 4028 371 4108 ferant,
386 4029 587 4094 facultatibus
605 4033 1043 4120 cujusque·su1spares,quo
1061 4032 1105 4097 sic
1124 4032 1253 4098 tandem
1273 4030 1350 4096 ludis

259 4113 388 4182 edendis
401 4139 491 4203 pares
504 4117 581 4182 fiant
594 4120 671 4204 463,
688 4139 737 4200 24.
782 4117 819 4192 οῖς
838 4119 963 4182 ἐλάττων
976 4119 1059 4182 ουσία
1074 4119 1134 4182 ἐστὶ
1148 4125 1204 4182 τῶν
1219 4118 1289 4182 δέκα
1301 4141 1349 4179 τε·

259 4201 378 4281 λάνταν,
393 4202 509 4290 quibus
527 4202 657 4290 singulis
677 4205 791 4284 minus,
806 4227 903 4291 quem
921 4204 1002 4269 dena
1022 4203 1149 4283 talenta,
1169 4203 1203 4268 in
1219 4201 1349 4268 fortunis

261 4303 345 4368 sunt,
361 4294 396 4363 είς
410 4289 569 4352 συντέλειαν
582 4289 777 4374 συναγομένοις
797 4296 833 4365 είς
853 4296 890 4353 τά
905 4289 972 4354 δέκα
987 4289 1126 4354 τάλαντα.
1158 4289 1204 4354 ita
1217 4289 1251 4354 in
1263 4287 1348 4354 colle

258 4373 310 4458 gia
329 4395 443 4461 congre
484 4374 523 4440 tis
542 4388 574 4440 et
591 4375 786 4462 comparatis,
802 4391 839 4442 ut
853 4376 976 4464 singula
992 4399 1127 4466 quoeque
1147 4375 1207 4442 ista
1226 4373 1347 4462 collegis

259 4459 422 4525 conficiant
458 4483 517 4526 ena
531 4460 647 4529 talenta
662 4463 736 4544 262,
752 4461 782 4526 8.
1203 4525 1206 4531 .
