2886 4982
462 273 779 342 concussu.
1104 273 1171 362 ⁶¹⁵

75 446 322 533 εκίπαραπκιοαῒς
329 445 609 514 machinationibus
616 446 774 532 callidiset
781 444 1173 536 chndesnrdaa'atrigam

74 531 358 620 comparationibus
378 532 547 598 amicorum
570 547 602 598 et
622 532 834 598 ministrorum
853 533 1001 611 fidorum,
1015 545 1112 622 atque
1126 557 1172 600 se-

75 618 235 697 dulorum,
249 621 296 683 καέ
311 623 478 706 lacrymaris
491 619 650 685 lenociniis
660 619 827 684 verborum
838 618 1070 698 insidiosorum,
1081 618 1171 706 ιῦριεο

74 707 134 790 παρ’
151 711 228 786 ὑμῶν
242 724 319 785 444,
336 723 386 772 22.
431 710 607 788 παρασκιυὴν
623 705 792 792 ὑβρίζεσθαι,
805 706 836 781 ἐν
857 704 891 768 ἅν
912 729 954 779 τις
976 709 1008 768 ἐκ
1024 713 1079 770 πῶν
1100 705 1173 770 ίθίιοε

74 789 219 877 πορίσαντο
234 800 272 865 είς
285 795 334 869 τὴν
348 794 523 876 λειτουργίαν
537 794 614 875 518,
634 811 683 855 11.
726 794 917 874 παρασκευαῖς
935 795 998 866 παῖς
1013 799 1111 856 ἐαυτοῦ
1125 818 1172 855 πι-

74 877 187 940 naim.
209 877 387 964 apparatui,
401 877 499 964 copiis
516 877 558 942 sd
577 877 674 964 hujus
691 876 804 964 judicii
825 875 998 963 peniculum
1021 877 1174 942 sustinen-

74 962 151 1026 dum
175 963 374 1050 comparatis,
399 963 516 1044 amicis,
541 963 711 1040 advocatis,
737 963 862 1051 opibus,
889 962 1002 1050 gratim
1021 964 1172 1051 potentia,

75 1048 333 1132 fidens86417.
376 1049 443 1136 πρὸς
464 1053 643 1135 παρασκευὰς
664 1049 757 1135 λόγοιν
783 1050 831 1112 sal
853 1049 995 1134 μάρτυρας
1018 1054 1048 1114 οὐ
1069 1051 1174 1128 τάληθῆ

74 1139 283 1221 μαρτυροῦντας
297 1140 311 1197 θ
325 1134 403 1220 hyda
418 1135 507 1199 ἐσται.
528 1134 737 1200 cavillationes
750 1148 782 1198 et
795 1133 1063 1200 conclusiunculas
1075 1158 1095 1200 a
1108 1135 1176 1200 lon-

75 1219 197 1308 ginquo
213 1221 281 1308 jam
303 1221 543 1308 praemeditatas,
566 1235 597 1286 et
621 1243 695 1286 cum
719 1220 788 1284 aliis
811 1235 1014 1308 comparatas,
1040 1233 1078 1286 ut
1102 1243 1175 1308 quae

75 1321 254 1372 commenta
264 1329 338 1372 reus
350 1308 500 1395 proferat,
514 1307 622 1372 endem
638 1321 731 1371 testes
745 1329 873 1394 quoque
890 1307 965 1370 emti
984 1322 1017 1372 et
1029 1306 1175 1372 conducti
1210 1349 1212 1356 ‹

75 1393 360 1474 confirmen1864
383 1411 435 1459 20.
477 1400 639 1481 παρασκευὴ
661 1413 683 1457 a
698 1395 769 1481 plot
794 1413 887 1479 1053,
901 1394 931 1456 6.
962 1393 1082 1469 ἐνίκησεν
1103 1397 1178 1457 οὔέν-

74 1485 129 1565 μεᾷ
152 1486 319 1566 παρασκευῇ
342 1479 441 1566 ἐιθίιιῳ,
467 1481 525 1544 otti
550 1480 711 1567 συνωμοσίᾳ
735 1493 830 1564 1059,
847 1482 897 1546 26.
941 1483 971 1542 οὒ
994 1479 1066 1543 πάνυ
1087 1480 1176 1566 ῥᾴδιόν

77 1569 137 1628 ἐστι
158 1570 222 1640 παῖς
244 1565 347 1629 ποιίποιν
368 1569 558 1651 παρασκευαῖς
578 1565 813 1649 ἀνταγωνίζεσθαι
832 1565 926 1648 1078,
946 1585 994 1673 115
1038 1571 1107 1652 πῇπ

76 1654 531 1823 ίῖἢκρίίπέεατίξῶῗνίίῖανμίοέίς
543 1650 876 1821 ¹iioiiiiidiiiiii}‘''t‘iii'dliit
893 1675 1064 1821 :gfff
1081 1670 1179 1821 Ιποοιρέιί-

77 1827 163 1900 σκευὴ
178 1829 227 1900 τῆς
241 1821 397 1906 ἀπολογίας
415 1824 509 1909 1386,
526 1841 557 1886 2.
601 1821 643 1896 τίς
666 1826 840 1931 παρασκευὴ,
861 1826 909 1887 καί
929 1822 1013 1900 πίση,
1036 1823 1084 1886 καί
1101 1823 1177 1888 πόθεν

76 1911 241 1992 πορισθεῖσα
259 1927 352 1993 1413,
371 1925 421 1991 17.
454 1907 505 1971 ἔθει
518 1911 569 1994 πρὸ
583 1914 632 1971 τοῦ
646 1924 767 1990 πολεμου
783 1908 923 1991 ἐσκέφθαι,
939 1907 981 1983 τίς
996 1907 1076 1972 ἐσται
1086 1933 1178 1994 παροι-

77 1999 164 2070 σιιευὴ
179 2000 221 2080 τῷ
234 1994 406 2079 γενησομένῳ
420 1993 534 2074 πολέμοο
551 2012 646 2079 1439,
665 2010 930 2082 Ispa-apparatus
943 2007 975 2057 et
988 2015 1064 2081 opes
1077 1993 1122 2058 rel
1135 1993 1178 2058 tul

77 2078 292 2166 effugiendam
307 2079 456 2144 avitiam
467 2057 578 2167 judicii
593 2081 648 2143 Ε.
666 2095 719 2162 27,
736 2099 788 2145 20.
828 2079 944 2167 puriter
958 2101 1050 2144 sensu
1063 2079 1177 2144 forensi

78 2180 255 2252 usurpatur
269 2189 300 2254 p.
312 2183 367 2252 53,
382 2185 412 2230 1.
420 2185 453 2252 5.
475 2184 531 2251 54,
544 2167 576 2230 8.
608 2169 639 2230 ἐκ
653 2171 828 2250 παρασκευῆς
839 2167 985 2253 πριάμενος
997 2167 1029 2230 τέ
1040 2166 1178 2246 βουλείαν

78 2257 135 2329 62,
149 2271 206 2338 32·
249 2256 398 2330 βουλευτὴς
423 2251 459 2316 clv
478 2259 509 2316 ἐκ
528 2257 716 2337 παρασκευῆς,
731 2273 795 2315 non
810 2252 894 2350 jure,
911 2251 966 2316 sed
979 2275 1037 2339 per
1049 2268 1132 2316 artes
1145 2266 1178 2318 et

77 2361 156 2425 opes
170 2337 306 2402 sodalitii
321 2337 369 2402 sui
386 2341 440 2419 64,
458 2337 742 2424 13.=rnachinatio
762 2337 920 2415 insidiosa,
935 2361 992 2425 per
1011 2338 1126 2402 amicos
1146 2352 1178 2403 et

78 2423 239 2488 ministros
253 2446 326 2488 suos
339 2423 371 2487 in
382 2423 510 2489 alterius
520 2437 615 2510 caput
629 2423 846 2489 fraudulenter
856 2439 1044 2512 comparata.
1067 2422 1178 2487 ἅπαντα

77 2517 174 2573 ταῦτα
189 2510 300 2593 ἐπήρεια
314 2511 362 2572 καί
377 2513 538 2596 παρασκευὴ
554 2511 583 2574 Ι.
597 2511 652 2590 46,
666 2530 720 2590 44.
763 2515 925 2595 παρασκευὴ
942 2512 1034 2592 λόγων
1048 2532 1179 2608 appara-

78 2609 133 2659 tus
154 2595 382 2672 causationum,
398 2595 627 2683 exceptionum,
644 2596 928 2694 subterfugimum,
943 2595 1179 2660 conclusiuncu-

57 2683 63 2692 '
79 2681 185 2746 larum
198 2697 231 2746 et
244 2679 475 2746 cavillationum
489 2681 672 2762 forensium,
687 2705 705 2746 e
721 2681 894 2780 longinquo
914 2683 1095 2758 instructus,
1110 2681 1180 2745 diu-

79 2781 178 2832 turna
190 2767 392 2834 meditatione
410 2782 442 2833 et
460 2767 651 2834 clandestina
663 2791 735 2832 cum
750 2769 818 2832 aliis
830 2767 1027 2834 consiliorum
1042 2789 1180 2832 commu-

80 2853 239 2919 nicatione
252 2867 348 2942 atque
361 2854 590 2942 comparatione
604 2869 781 2919 maturatus
795 2858 848 2939 69,
867 2874 918 2919 10.
955 2854 1092 2917 πιστεύειν
1106 2860 1180 2916 ἐται-

81 2939 167 3028 ρείαις
183 2942 233 3004 καὶ
248 2942 340 3025 λόγων
353 2945 543 3025 παρασκευαῖς
557 2942 600 3003 ἐπί
614 2945 663 3019 τὴν
678 2945 742 3021 ἐμὴν
757 2939 852 3004 οὐσίαι
866 2940 977 3019 ἐλήλυθε
997 2941 1068 3019 106,
1085 2957 1173 3004 22.=

79 3029 136 3090 ἅπέ
148 3032 329 3114 παρασκιοῆς
340 3029 473 3110 μηδεμιᾶς
483 3026 625 3106 fortuito,
636 3026 724 3091 nulla
736 3025 827 3092 malae
837 3025 957 3092 fraudis
967 3024 1180 3112 designatione

80 3114 126 3176 Α.
145 3131 219 3198 132,
233 3127 265 3196 5.
309 3117 470 3198 παρασκευῆ
490 3112 638 3198 γεγίνιγεαι
659 3115 700 3176 ἐπ’
716 3115 775 3196 ἐμοί
795 3113 922 3199 κάκείνῳ.
944 3134 966 3175 a
974 3113 1055 3200 plot,
1070 3133 1114 3174 an
1128 3113 1179 3175 in·

80 3201 205 3287 trigtae,
222 3221 244 3261 a
257 3199 347 3262 cabul
362 3201 434 3285 138,
450 3217 501 3284 37.
545 3203 584 3279 μὴ
599 3202 631 3262 ἐκ
649 3199 785 3283 προνοίας,
803 3201 864 3280 μηδ’
879 3202 910 3262 ἐκ
925 3202 1100 3284 παρασκευῆς
1113 3223 1179 3281 γιν-

82 3283 161 3349 έσθαι
176 3287 224 3348 τὸν
239 3285 352 3348 θάνατοι
370 3305 441 3370 143,
455 3305 593 3370 33·=0⁰
614 3285 653 3349 ioe
666 3308 724 3350 con
763 3285 913 3348 iratorum
927 3284 1077 3348 adversus
1090 3305 1178 3348 reum

81 3371 124 3434 ab
138 3383 320 3436 accusatore
333 3371 527 3458 conscriptes,
540 3307 679 3448 collisio,
692 3394 746 3435 mo
756 3371 812 3436 itio
833 3385 865 3434 et
886 3369 1074 3436 machinatio
1093 3369 1180 3456 globi

81 3457 281 3521 inimicorum
302 3456 452 3521 adversis
473 3457 609 3544 aliquem
632 3459 699 3520 An.
718 3475 748 3536 1,
766 3462 930 3520 κτανοῦσα
951 3461 1001 3520 οὐκ
1017 3459 1071 3518 ἀπὸ
1091 3457 1181 3542 τύχης

81 3544 247 3627 γιγένηται,
260 3545 327 3608 ἀλλ’
338 3544 393 3606 ἀπὸ
408 3550 455 3620 εῆς
470 3548 535 3624 ἐμῆς
549 3549 734 3628 παρασκευῆς.
757 3565 795 3607 ex
807 3541 1008 3629 apparatione
1017 3564 1098 3618 mea,
1110 3541 1141 3605 h.
1151 3564 1181 3606 e.

81 3629 171 3716 quod
191 3653 252 3716 ego
266 3651 378 3693 navem
396 3629 630 3694 necessitatibus
651 3643 683 3694 et
701 3629 798 3716 copiis
813 3649 917 3692 rernm
929 3627 1070 3693 omnium
1085 3649 1181 3714 quam

82 3714 294 3804 copiosissime
307 3735 403 3803 atque
416 3714 653 3802 exquisitissime
666 3715 879 3779 instruxissem
895 3715 934 3778 L.
954 3717 1025 3794 162,
1041 3733 1094 3800 23.
1131 3717 1181 3778 οὐκ

82 3805 202 3877 ἄπθτῆς
216 3801 277 3878 ἴσης
290 3807 465 3886 παρασκευῆς
478 3800 537 3886 ἐγιί
551 3808 646 3865 τοῦτον
658 3801 787 3887 ἐλέγχον,
803 3804 851 3863 καὶ
866 3800 942 3875 οὗτος
958 3804 1092 3885 ἐπιχειρεῖ
1103 3824 1185 3878 πονη-

80 3887 127 3972 ρός
141 3887 222 3952 εἶναι.
245 3887 406 3974 pauciores
416 3902 513 3974 etque
522 3887 706 3953 infirmiores
716 3887 792 3952 mihi
803 3900 879 3951 sunt
891 3885 989 3972 copiae
999 3887 1181 3964 amicorum,

81 3972 320 4052 advocatorum,
347 3973 497 4038 falsorum
519 3973 655 4053 testium,
678 3987 897 4061 corruptorum
918 3972 1020 4058 gratia
1040 3985 1072 4036 et
1092 3971 1183 4036 dorna

77 4059 238 4145 judicum,
254 4059 372 4146 quibus
385 4083 446 4147 ego
459 4059 545 4124 hunc
559 4059 708 4124 scelerum
730 4082 819 4124 reum
841 4081 984 4146 arguam,
1000 4071 1095 4145 atque
1109 4057 1183 4122 huic

83 4160 158 4210 sunt
173 4167 241 4211 suae
254 4146 365 4234 copiae,
378 4146 494 4233 quibus
505 4145 649 4233 judicum
666 4145 858 4211 severitatem
869 4144 1039 4231 legumque
1053 4144 1116 4206 vim
1129 4165 1184 4208 ex·

81 4253 229 4318 pugnare
242 4232 403 4298 contendit
420 4235 492 4316 187,
507 4255 538 4314 4.
582 4233 682 4317 ἂγοεθοέ
696 4233 884 4318 προθυμῶνται
903 4229 1030 4314 γονέσθαι
1045 4233 1078 4291 ἐκ
1091 4255 1184 4312 ποιμα-

82 4323 193 4394 σκευῆς.
216 4318 315 4383 fortes
328 4334 360 4383 et
374 4317 448 4384 boni
462 4319 652 4384 contendant
671 4341 747 4396 esse,
763 4339 826 4381 non
847 4339 886 4381 ex
906 4315 1027 4402 impetu
1068 4313 1184 4378 nodam

81 4403 260 4488 repentino,
276 4419 307 4468 et
324 4421 402 4470 aestu
418 4405 617 4492 temporario,
632 4425 735 4490 neque
754 4425 793 4467 cx
814 4402 919 4468 oblate
940 4401 1055 4465 inevita
1076 4399 1110 4464 ili
1131 4421 1185 4464 ne·

82 4488 238 4569 cessitate,
254 4490 309 4554 sed
323 4513 362 4554 ex
379 4491 587 4556 diuturnitate
610 4489 792 4577 disciplinae,
808 4486 1034 4562 exercitationis
1055 4486 1187 4553 assidui·
