2934 4976
254 291 319 358 820
723 293 877 358 INDEX

297 463 418 548 ὑποδοχὴ
439 462 523 528 idem
543 461 633 550 quod
654 463 800 542 ὑπόληψις,
822 462 941 562 opinio,
963 463 1108 551 suspicio,
1129 486 1170 528 ex
1195 462 1306 551 aliqua
1325 485 1359 530 re

253 550 376 618 factove
390 549 529 629 collecta,
545 563 582 614 ut
596 548 670 612 iude
683 571 854 614 necessario
867 571 1069 636 consequens.
1107 553 1142 623 είς
1157 553 1297 636 ὑποδοχὴν
1310 555 1358 613 τοῦ
1461 609 1463 622 .

252 637 314 720 μηδ
337 639 551 720 ἀμφισβητῆσαι
574 641 646 717 ὑμᾶς
667 651 704 700 ut
725 635 798 700 inde
819 635 914 700 intell'
959 651 1022 715 tur,
1037 635 1087 701 vel
1109 635 1289 724 colligetur,
1304 659 1358 700 vos

253 721 298 788 nil
320 723 410 809 quen‘
434 724 488 802 80,
505 743 534 785 1.
558 722 665 808 qussi
689 721 784 800 dicas,
807 723 851 785 od
932 726 1128 788 mnasonem.
1167 727 1356 808 ὲργολαβῶσι
1463 745 1464 806 3

254 811 314 872 καθ’
338 815 412 890 ὑμῶν
435 815 471 883 είς
493 810 627 894 ὑποδοχὴν
646 807 692 892 [id
713 822 760 872 est
781 808 958 893 προσδοκίαν]
976 810 1165 894 πραγμάτων,
1185 807 1222 872 ὧν
1245 808 1357 882 διαιὺεὑ-

254 921 326 959 σιιεν
340 897 437 970 αὑτοὺς
453 899 466 957 θ
482 898 620 979 λογισμὸς
638 897 732 976 1482,
744 913 763 958 2
764 895 872 980 5.=iv’
884 899 921 968 είς
935 897 1070 980 ὑποδοχὴν
1084 893 1197 958 ἅπαντα
1212 896 1262 958 καί
1279 894 1356 977 λε’γοι

255 983 302 1045 καί
331 981 448 1067 πράττοι
473 981 656 1064 Φιλοκράτει,
684 995 731 1060 ut,
754 979 810 1044 ubi
837 979 1029 1044 Philocrates
1054 980 1176 1044 dicendi
1204 979 1357 1066 agendive

254 1068 348 1132 finem
369 1068 495 1144 faceret,
510 1065 554 1130 ibi
574 1065 752 1130 succederet
773 1065 801 1130 ei
817 1066 1055 1145 Demosthenes,
1070 1066 1160 1153 quasi
1180 1065 1309 1130 triarius
1327 1081 1357 1131 et
1462 1081 1464 1154 ξ

255 1153 424 1231 subsessor,
437 1153 568 1300 ejuffiue
580 1169 684 1238 partes
694 1151 871 1238 agendique
882 1152 1068 1239 dicendique
1079 1153 1252 1240 susciperet
1262 1168 1357 1238 atque
1463 1155 1464 1218 i

254 1253 477 1326 exsequeretur
538 1237 614 1314 .62‚
629 1257 681 1324 32.
728 1238 790 1302 Sed
806 1261 836 1300 v.
853 1237 896 1303 ibi
911 1238 996 1304 diets
1010 1239 1042 1302 in
1057 1239 1268 1304 annotatione.
1299 1239 1357 1302 du-

253 1325 307 1390 bis
320 1326 402 1389 enim
417 1338 465 1389 est
477 1347 513 1388 es
527 1323 628 1402 lectio,
644 1347 815 1411 vereorque
831 1347 869 1388 ne
884 1325 923 1389 sit
937 1325 1102 1411 ἁποδοχηνί
1161 1325 1272 1390 udum.

296 1415 446 1498 ὑποδρομὴ]
465 1412 509 1473 διὰ
525 1416 573 1488 τὴν
593 1414 740 1498 ὑποδρομὴν
761 1419 810 1474 τοῦ
831 1413 925 1486 παιδδς
942 1409 1022 1495 (scil.
1038 1414 1089 1476 ὑτὺ
1102 1439 1134 1476 το
1149 1411 1291 1496 ἀκόντιον)
1305 1412 1356 1475 ὑσ-
1464 1461 1465 1470 ,

253 1519 347 1575 cause
361 1499 411 1561 the
425 1499 495 1584 bey,
511 1497 545 1562 n
630 1497 651 1559 Ιι
665 1497 926 1585 inconsiderate&
940 1500 1090 1586 running
1108 1521 1149 1564 on
1163 1499 1281 1584 seyen,
1294 1497 1358 1562 bod

253 1606 337 1650 come
351 1586 387 1648 in
402 1585 452 1649 ne
466 1605 537 1671 way
550 1585 611 1670 oft
650 1583 780 1670 jocelin
794 1587 840 1650 A.
859 1603 931 1663 121,
945 1603 997 1670 32.

297 1671 457 1736 ὑποδύεσθαι
472 1679 503 1734 to
516 1691 605 1757 ereep
619 1672 687 1734 into
700 1692 722 1734 a
735 1692 858 1750 σοινιστ,
870 1679 901 1734 ὑ)
914 1671 987 1734 bide
1000 1671 1103 1736 onesel
1119 1717 1127 1733 .
1151 1670 1293 1733 ὑποδὺσιτσ
1306 1667 1358 1732 riri

255 1755 348 1834 κλίνην
362 1759 438 1840 609,
457 1759 507 1820 16.
546 1758 618 1819 ὑποδ.
641 1760 689 1834 τὴν
710 1760 754 1820 διδ
773 1763 822 1820 τοὺ
841 1755 1023 1840 ψηφίσματος
1042 1761 1145 1820 αίτιαν.
1181 1754 1356 1820 obnoxium

254 1863 320 1906 sese
335 1841 465 1906 reddere
479 1841 685 1906 criminationi
699 1845 774 1923 624,
793 1862 844 1928 19.
880 1852 937 1916 πῶς
953 1841 997 1906 οὑν
1011 1844 1081 1907 τοῦθ’
1096 1841 1186 1907 ὑπέδυ.
1224 1841 1258 1906 in
1277 1841 1357 1905 hauc
1464 1897 1466 1926 η

254 1927 404 1994 lstebrsm
418 1927 625 2008 sesesbdidit,
636 1928 717 1992 hano
731 1927 849 1994 lsrvam
864 1927 971 1993 subiit.
991 1928 1039 1992 vel
1053 1927 1134 1992 benc
1148 1927 1357 1992 ob'ectiomm
1464 1927 1466 1962 ³

253 2014 357 2094 elusit,
373 2013 534 2092 devitavit,
549 2014 742 2102 subterfugit
757 2031 833 2100 749,
846 2035 880 2096 4·
914 2019 992 2100 παρὰ
1006 2021 1097 2079 ταὺτα
1112 2017 1208 2101 ὑτοδνη
1223 2013 1273 2078 his
1293 2035 1357 2078 nou
1465 2053 1466 2056 =

252 2101 460 2180 obstantibus,
484 2115 588 2166 tamen
612 2101 723 2189 erepit,
745 2101 825 2168 clem
851 2100 972 2188 effugis.
1017 2102 1092 2166 thou
1117 2110 1265 2188 ereepcst,
1291 2101 1359 2164 aad
1464 2137 1466 2182 t

253 2191 408 2267 αιεαίισεο,
423 2189 489 2251 ond
500 2189 625 2253 εἰσοίσει
638 2211 730 2275 auur)
745 2190 820 2272 778,
838 2207 888 2254 20.
1465 2207 1466 2212 ¹

298 2277 424 2338 ὑποδῦναι
440 2275 504 2361 Ly.
523 2276 595 2360 158,
609 2278 665 2374 36.

297 2360 418 2434 ὑπόθεσις
434 2383 555 2424 summa
574 2373 738 2439 re1,meta‚
759 2359 793 2424 id
814 2359 901 2448 quod
920 2357 953 2422 in
973 2381 1007 2422 re
1029 2359 1172 2458 maxime·
1184 2373 1357 2447 spectetur,
1465 2393 1466 2426 ι

254 2444 349 2509 etad
370 2446 456 2532 quod
479 2446 637 2533 praeeipue
658 2445 866 2512 contenditur.
903 2463 1003 2531 stupe,
1023 2447 1128 2534 object.
1165 2461 1241 2511 rtem
1263 2469 1359 2532 argu-

254 2545 407 2609 mentum,
430 2532 474 2610 id,
498 2531 627 2620 dequo
651 2533 766 2619 egitur.
803 2555 881 2596 num
907 2545 955 2596 est
979 2554 998 2594 e
1020 2532 1245 2610 Demosthene,
1269 2531 1359 2620 quod

256 2617 360 2682 Schol.
372 2618 581 2732 Hermogenis
594 2621 712 2684 MStus
724 2620 771 2706 (p.
781 2635 814 2705 5.
825 2619 913 2703 etin.)
925 2617 1001 2683 citet
1014 2618 1054 2682 ad
1071 2617 1186 2683 librum
1203 2619 1263 2706 περὶ
1278 2617 1360 2682 δειεὺ-

253 2729 344 2780 τητος.
368 2704 483 2784 ἔμελλον
494 2730 550 2788 apa
560 2721 669 2780 πολλας
679 2732 741 2787 ημιν
757 2705 901 2778 υποθίσεις.
915 2709 967 2779 τοὶς
981 2708 1076 2792 ἀρχὰς
1092 2707 1139 2768 καί
1153 2709 1205 2779 τὰς
1221 2704 1360 2780 ὑποθίσεις

253 2796 309 2854 τῶν
331 2791 454 2874 πράξειαν
478 2793 518 2854 δεῖ
540 2792 648 2869 ἀληθεῖς
669 2793 717 2854 καὶ
738 2791 847 2866 δικαίας
867 2790 934 2854 είναι
958 2810 1010 2869 21,
1027 2807 1058 2874 7.
1094 2791 1228 2869 ὑπθθισιν,
1248 2791 1310 2874 περὶ
1328 2790 1360 2868 ἧς

253 2875 428 2956 βουλεύεσθε,
447 2879 513 2962 οὑχί
533 2881 580 2954 τὴν
600 2877 685 2941 οὑσαν
706 2878 893 2964 παρίστανται
911 2875 963 2952 28,
979 2899 1023 2976 9.
1048 2875 1176 2956 ἐξέστητε
1195 2883 1245 2953 τῆς
1265 2879 1361 2940 ὑποθέ-

252 2983 334 3040 σεας,
350 2963 389 3044 ἐφ’
405 2961 434 3039 ἧς
448 2967 473 3025 ui
490 2963 611 3051 τρίγονοι
627 2969 698 3045 ὑμᾶς
714 2963 874 3027 κατέλιπον.
911 2961 1093 3043 deservistis
1113 2961 1298 3028 discessistis
1316 2963 1360 3026 ab
1465 3005 1466 3016 ι

252 3045 313 3110 illis
332 3045 441 3134 [vulgo
455 3071 498 3112 ne
512 3048 615 3135 dietis]
634 3049 804 3136 principiis,
825 3047 942 3137 regulis
962 3063 996 3114 et
1014 3049 1180 3137 praeceptis
1202 3047 1361 3114 sentiendi

253 3147 349 3219 atque
371 3133 495 3220 agendi,
518 3157 591 3222 quae
613 3136 707 3200 vestri
731 3137 863 3224 majores
884 3135 974 3200 vobis
996 3135 1188 3223 reliquerant
1215 3153 1360 3222 145,13.

252 3235 410 3306 praeeepts
430 3219 590 3308 palmaris,
606 3222 732 3309 quibus,
752 3237 901 3310 tanquam
918 3221 1137 3287 dundameutis
1150 3221 1360 3310 quibusdem,

252 3305 321 3370 aliae
334 3305 408 3370 inde
421 3321 645 3394 consequentes
659 3310 820 3374 sententie
835 3323 1105 3396 superstruuntur.
1141 3309 1276 3384 τοιαύτας
1294 3315 1362 3372 ὑπο.
1465 3349 1466 3358 2

253 3389 338 3466 θέσεις
357 3393 521 3474 μεμνημένοι
540 3396 633 3472 1082,
651 3413 701 3462 20.
740 3395 860 3470 ὑτθθεσις
883 3395 1062 3479 [instituti0,
1082 3410 1198 3460 ustura
1216 3407 1249 3459 et
1268 3395 1356 3480 finis]

251 3482 299 3552 τῆς
314 3475 377 3554 ὑλης
391 3477 532 3554 πολιτείας
548 3495 641 3564 1397,
661 3501 711 3563 14.
750 3483 812 3555 τοὺς
831 3485 966 3556 δικαστὰς
982 3487 1145 3568 ἁπαγαγαν
1159 3505 1215 3546 no
1229 3509 1278 3558 της
1294 3507 1362 3544 οπο-

252 3562 358 3642 θίσειος,
384 3566 416 3651 [e
433 3587 527 3629 causa
547 3567 718 3654 proposita]
742 3565 858 3654 ᾠχόμην
880 3570 912 3630 τὺ
934 3573 1058 3652 πρᾶγμα
1080 3573 1172 3632 αὑτῶν
1193 3568 1360 3650 ὑφελόμενος

250 3651 328 3727 416,
346 3665 673 3738 25.=argumentum,
689 3651 899 3741 propositum,
914 3675 1008 3718 cause
1021 3675 1170 3741 praeseus.
1202 3653 1237 3716 δι’
1252 3655 1297 3718 ἐπί
1311 3659 1360 3730 τῆς

251 3734 396 3810 ὑποθέσεως
411 3737 483 3818 μίνιο
498 3739 552 3802 AE.
571 3739 624 3820 64,
639 3759 693 3825 31.
730 3743 893 3803 ἀποπλανᾶν
912 3743 976 3803 τινα
997 3743 1052 3804 ιἰπδ
1071 3745 1120 3818 τῆς
1135 3739 1288 3816 ὑποθίσειος
1304 3757 1359 3825 79,

252 3815 281 3880 6.
319 3823 471 3886 ἀποπλανῶ
485 3829 557 3904 ὑμᾶς
572 3827 625 3888 ὑπὸ
640 3831 687 3902 τῆς
701 3824 850 3898 ὑποθίσειος
866 3827 920 3904 81,
939 3845 991 3890 11.

294 3907 409 3983 ὑποθήκη
424 3907 612 3994 hypotheca,
627 3911 755 4000 pignus,
770 3934 820 3975 res
834 3910 1048 3998 oppignerata.
1083 3916 1140 3988 τοῖς
1155 3914 1314 3986 δανεισταῖς
1327 3915 1360 3975 οὑ

249 3991 438 4076 παρασχόντα
461 3997 513 4068 τὰς
538 3995 671 4073 ὑποθήκας
696 4015 771 4081 922,
794 3995 1047 4083 5.=eonsilium,
1072 3998 1256 4078 auctoritas,
1284 4021 1361 4085 sug-

249 4075 357 4163 gestio.
394 4083 455 4152 ταῑς
471 4083 529 4144 Κλ.
544 4083 686 4159 ὑποθήκαις
702 4086 744 4146 Α.
765 4099 836 4168 113,
854 4105 902 4171 19.

272 4165 536 4261 Ιὑποκατακλίνιιν]
560 4168 840 4252 ὑποκατακλινόμενοι
860 4171 892 4234 vi
914 4170 1104 4236 necessitatis
1124 4169 1287 4250 cedentes,
1308 4169 1358 4234 in·

249 4261 306 4312 vrtt
321 4262 352 4312 et
365 4251 473 4328 eoacti,
489 4254 575 4330 θπειδη
590 4257 645 4328 τοῖς
659 4252 732 4328 ὑλοις
745 4257 881 4334 ἡττᾶσθαι
896 4257 1015 4339 ἔνι’μιζον
1033 4275 1106 4342 127,
1123 4276 1176 4324 21.

293 4339 450 4400 ὑποκεῖσθαι
475 4337 654 4424 propositus
680 4340 744 4405 sive
766 4341 875 4420 oculis,
902 4342 967 4407 sive
996 4343 1094 4408 menti
1119 4365 1198 4422 esse,
1223 4341 1258 4406 in
1284 4363 1358 4406 eon-

251 4432 369 4502 spectu,
396 4420 428 4484 in
453 4423 556 4487 medio
581 4447 656 4491 esse.
693 4427 792 4491 τᾶλλα
815 4427 879 4492 τότε
905 4429 1018 4514 δεύτερα
1041 4427 1071 4508 ἦν
1093 4438 1148 4493 τῶν
1172 4429 1357 4512 ὑποκειμένη

249 4505 415 4586 προσδοκιῶν
437 4509 485 4570 καὶ
507 4518 560 4573 τῶν
583 4511 696 4577 ὑλπίδοιν
716 4513 792 4597 348,
810 4531 862 4582 22.
899 4511 927 4590 δς
949 4517 1019 4580 δυοῖν
1038 4515 1225 4598 ὑποκειμένοιν
1244 4515 1291 4600 [id
1306 4527 1353 4580 est
