2896 4978
271 261 339 336 μοι
660 252 673 309 .·
750 245 906 317 numx
968 251 975 263 “

271 421 565 508 commotisunt
583 425 623 507 μλ
636 425 702 488 tan
721 421 822 510 λόγους
836 423 934 497 αὐτοὺς
948 421 1043 508 λόγον
1060 438 1155 507 13243
1169 417 1210 501 4.·
1237 417 1369 501 erbum

268 507 389 595 ῦλόγορ
411 511 459 572 καί
481 510 565 596 φθόνορ
588 533 635 590 μοι
660 510 772 594 γέγονε.
817 509 945 588 mulcta,
969 533 1041 595 quae
1064 529 1121 595 per
1143 528 1261 570 mentm
1287 504 1370 570 culu-

270 594 401 676 mniam‚
425 595 458 660 b.
472 620 498 660 e.
525 619 581 683 per
603 595 805 682 ignominiam
826 619 847 660 a
866 595 1069 660 mendacibus
1093 591 1371 658 obtrectationibus

268 681 351 748 mibi
364 682 553 770 adspersam,
568 695 600 747 et
613 683 655 746 ob
668 681 817 746 invidiam
833 705 872 746 ex
886 681 947 746 illis
966 679 1127 746 calumniis
1148 679 1300 745 adversus
1321 699 1370 742 me

269 781 460 834 commotam
474 768 551 832 mibi
565 768 702 856 irrogata
714 767 777 833 fuit
794 786 888 851 1477,
902 769 1095 854 3.τ.ιύμαθὴς
1109 765 1194 848 λόγος
1209 765 1266 828 AE.
1285 781 1317 841 2,
1339 784 1369 848 9.

270 861 327 919 τῶν
348 853 441 939 λόγιον
463 854 657 938 ἐπιμεληθέντα
680 855 816 940 πρότερον,
839 855 906 919 ἀλλ’
929 858 959 918 οῦ
976 860 1024 918 τοῦ
1046 855 1109 932 βίου
1134 850 1260 935 (idest,
1282 847 1369 927 δτοῦ

269 942 347 1021 βίου)
364 956 464 1026 5,11.
500 949 594 1014 κακῶς
611 942 680 1088 ρηθῆ
700 940 784 1024 λόγος
806 939 883 1004 ibid.
920 943 999 1006 ταῦτ’
1015 938 1164 1024 έγοῦλόγφ
1177 936 1259 1020 μόνον
1272 944 1369 1016 σαφῶς

271 1030 377 1110 θνύμῖν
392 1025 472 1090 είπυδν
486 1029 535 1090 οῦκ
549 1024 609 1088 bt
626 1005 729 1109 ιξάμην
752 1031 796 1112 ζῇν
817 1028 849 1103 8,
864 1045 916 1113 32.
961 1028 991 1088 οῦ
1012 1028 1097 1088 πολὺν
1119 1023 1249 1088 ἀνάλωσε
1270 1020 1368 1104 λόγον,

269 1112 377 1191 81111.
422 1111 542 1198 διορίζειν
563 1113 732 1198 σαφέστερον
752 1119 793 1198 τῷ
815 1110 893 1198 λόγῳ
911 1133 963 1198 13,
978 1131 1031 1198 31.
1075 1109 1179 1195 τέχνας
1197 1116 1253 1172 τῶν
1274 1107 1369 1192 λόγοιν

268 1200 333 1274 τοῦς
348 1199 418 1272 νέους
434 1200 571 1262 διδάσκειν
589 1199 639 1276 16,
655 1218 709 1284 31.
752 1198 877 1286 τεριττδς
892 1202 919 1260 έν
939 1202 994 1272 τοῖς
1014 1196 1109 1281 λόγοις
1124 1194 1299 1273 Δημοσθένης
1319 1196 1368 1270 16,

269 1304 324 1365 41.
369 1283 514 1369 έλνυθόριος
533 1285 581 1348 καί
601 1286 705 1359 άπλοῦς
720 1283 803 1368 λόγος
822 1297 872 1366 17,
887 1304 919 1366 4.
963 1285 1098 1362 ὑποβαλῶ
1117 1307 1160 1344 σοι
1181 1278 1270 1366 ἕτερον
1284 1279 1368 1364 λόγον

267 1389 325 1454 17,
342 1391 374 1455 9.
417 1370 585 1434 ἀπολύεσθαι
600 1369 695 1457 φρδίιος
708 1371 770 1444 τοὺς
784 1376 833 1433 τοῦ
849 1370 1004 1456 κατηγόρου
1023 1368 1123 1450 λόγους
1142 1370 1203 1440 ταῖς
1223 1366 1368 1451 ὑμετέραις

268 1454 434 1544 μαρτυρίαις
464 1473 514 1540 17,
539 1471 588 1540 15.
632 1455 829 1532 ἀναβάλλεται
855 1457 917 1530 τοῦς
941 1462 989 1531 τῆς
1013 1454 1105 1535 φιλίας
1130 1453 1232 1534 λόγους
1256 1457 1296 1527 είς
1322 1457 1367 1528 τὴν

268 1542 460 1630 πρεσβυτέραν
483 1543 530 1605 καί
553 1548 702 1628 φρονοῦσαν
723 1541 833 1618 ἡλικίαν
859 1563 909 1626 19,
926 1561 980 1628 34.
1025 1543 1117 1626 κριτὴς
1139 1537 1233 1623 λόγων
1254 1545 1368 1601 τολλιῦε

269 1628 316 1706 ἥδη
330 1628 423 1716 ᾑρέθην
438 1646 491 1706 21,
506 1646 559 1713 34
603 1631 710 1714 ἀπορεῖν
729 1626 860 1708 εὐξαίμην
879 1627 1006 1690 τοιούτων
1021 1627 1107 1712 ἔργοον
1122 1629 1148 1686 ἐν
1162 1629 1202 1709 τῷ
1215 1624 1299 1709 λόγῳ
1315 1642 1366 1699 22,

268 1723 325 1796 41.
369 1713 471 1792 οόίηθεια
484 1721 532 1777 τοῦ
547 1712 633 1798 λόγου
644 1732 701 1798 23,
721 1733 770 1776 10.
808 1713 979 1787 ἀποδοθέντος
993 1710 1090 1785 ῦδατος
1105 1711 1154 1774 καί
1170 1709 1271 1791 λόγου,
1284 1732 1367 1796 aqua

268 1799 311 1866 'ad
331 1799 497 1864 dicendum
519 1799 634 1876 infusa,
649 1814 682 1863 et
702 1797 850 1865 facultate
871 1798 983 1886 agendi
1006 1819 1130 1862 causam
1152 1794 1228 1860 dan
1244 1816 1301 1882 23,
1316 1814 1365 1860 20.

268 1893 307 1960 είς
321 1887 459 1964 συνήθειαν
473 1893 521 1949 τοῦ
536 1886 623 1970 λόγου
637 1885 746 1962 έποίησε
762 1891 935 1962 καταστῆναι
950 1889 997 1962 τὴν
1011 1883 1089 1948 πόλιν
1106 1902 1158 1968 23,
1168 1897 1221 1968 37.
1259 1907 1366 1967 ταριμ·

267 1972 354 2052 βολαί
369 1972 461 2056 λόγοον
476 1973 579 2035 πολλαί
595 1969 738 2057 εὑρέθησαν
757 1973 807 2034 ῦπδ
823 1969 1008 2053 Δημοσθένους
1025 1988 1077 2056 23,
1092 1988 1146 2050 41.
1186 1971 1366 2051 ,πλημμελεῖν

267 2055 306 2132 είς
327 2057 490 2144 τινα-λόγῳ
505 2077 557 2139 24,
572 2077 605 2143 3.
649 2055 766 2139 εὐφημία
781 2057 872 2142 λόγοιν
887 2076 940 2138 24,
958 2077 1007 2142 13.
1051 2053 1179 2142 τεχνίτης
1199 2054 1295 2137 λόγων
1317 2073 1366 2134 24,

266 2163 322 2230 19.
367 2143 585 2230 διισχυρίζεσθαι
605 2147 661 2218 τοῖς
683 2143 735 2221 έξοο
746 2149 796 2205 τοῦ
810 2143 897 2227 λόγου
913 2159 965 2228 25,
982 2163 1011 2227 9.
1057 2141 1136 2206 ίσται
1151 2141 1178 2203 δῦ
1193 2145 1207 2202 θ
1223 2141 1311 2224 λόγος
1326 2141 1366 2202 ἀτί

266 2229 495 2314 παραδείγματος
509 2243 560 2313 25,
579 2230 627 2292 16.
664 2228 791 2308 ἀφίεσθαι
807 2230 899 2316 λόγων
914 2244 966 2314 25,
982 2249 1034 2296 22.
1070 2231 1189 2312 εὐχερῶς
1203 2229 1265 2312 γάρ
1284 2225 1366 2288 ένίοτο

268 2315 355 2400 λόγον
369 2315 429 2378 ἀντί
443 2313 505 2396 βίου
517 2321 645 2399 χρηστοῦ
658 2313 843 2401 προσδέχεσθε
859 2330 912 2400 25,
928 2335 980 2402 31.
1024 2313 1055 2378 τδ
1070 2317 1194 2396 πρᾶγμα
1209 2319 1247 2384 είς
1264 2311 1367 2374 διάπει.

266 2427 320 2486 ραν
340 2402 389 2464 καί
408 2401 493 2484 λόγον
511 2401 689 2478 κατέστησαν
705 2402 756 2478 26,
774 2419 823 2466 20.
868 2405 949 2486 οὐχί
964 2401 1059 2483 λόγος,
1073 2399 1141 2462 ἀλλ’
1158 2402 1171 2460 ό
1186 2398 1281 2484 καιρός
1297 2401 1366 2479 ὑμᾶς

268 2489 389 2572 έξοργιεῖ
403 2503 455 2570 27,
475 2506 525 2571 19.
569 2491 594 2550 ci
612 2488 715 2563 τάληθῆ
740 2485 868 2570 λέγοντες
887 2491 917 2550 οῦ
938 2485 1076 2550 κοιλόουσι
1101 2485 1187 2568 λόγου
1207 2487 1309 2568 τυχεῖν
1321 2483 1366 2546 τῦν

267 2573 408 2656 φεύγοντα
435 2573 486 2650 28,
510 2573 541 2635 8.
585 2571 695 2678 γαίρειν
721 2572 833 2648 δικαίοις
858 2573 952 2658 λόγοις
980 2573 1032 2648 28,
1060 2590 1108 2634 10.
1152 2573 1247 2656 πηγάς
1272 2567 1366 2652 λόγιον

265 2657 394 2737 ἀφθόνους
409 2657 483 2744 ἔχειν
498 2662 690 2742 έπηγγελλετο
705 2677 759 2743 31,
773 2678 806 2743 3.
845 2661 960 2737 καθῆκεν
976 2661 1010 2731 είς
1026 2661 1096 2740 ἡμᾶς
1112 2661 1124 2718 ό
1139 2654 1224 2740 λόγος
1237 2673 1294 2740 31,
1313 2672 1364 2738 27.

268 2743 424 2826 συντέμνειν
444 2743 554 2828 ἀνάγκη
576 2745 637 2818 τοῦς
657 2741 757 2827 λόγους
771 2763 826 2828 32,
843 2763 893 2830 23.
938 2742 1076 2808 έκπίπτειν
1096 2746 1128 2804 έκ
1142 2748 1191 2804 τοῦ
1206 2743 1295 2824 λόγου
1309 2759 1365 2825 32,

267 2849 323 2916 42.
366 2832 506 2915 διατριβὴν
527 2829 660 2906 πλείστην
682 2831 826 2907 ἐποιήσατο
848 2833 913 2915 πρδς
935 2831 996 2904 τοὺς
1017 2828 1096 2912 ἐμυῦς
1118 2827 1218 2912 λόγους
1239 2843 1365 2912 33,15.

267 2915 469 3001 καταστρέφειν
493 2923 530 2990 είς
553 2913 754 3001 φιλανθρωπίαν
776 2917 837 2991 τοῦς
859 2916 959 3002 λόγους
982 2935 1036 3001 33,
1056 2915 1106 2979 18.
1149 2912 1251 2999 ἀπορία
1275 2916 1303 2975 ἐν
1325 2916 1365 2996 τῷ

267 3001 348 3089 λόγῳ
362 3022 416 3088 33,
431 3021 482 3086 30.
527 2999 706 3086 συγκείμονός
727 3027 778 3064 τινι
800 3003 864 3088 πρός
885 3029 948 3066 τινα
969 3001 1053 3085 λόγος
1067 3020 1122 3084 34,
1141 2999 1192 3062 18.
1236 3001 1366 3062 ἀπαντᾶν

268 3087 333 3172 ῐρθς
348 3089 432 3172 λόγον
445 3107 499 3172 34,
517 3105 568 3152 22.
605 3091 631 3149 ἓν
645 3091 685 3170 τῷ
700 3091 756 3170 itui
771 3087 849 3175 λόγῳ
864 3090 920 3152 είπὲ
935 3101 992 3172 35,
1007 3105 1074 3172 32.
1097 3084 1248 3170 προτιθέναι
1263 3082 1364 3168 λόγον,

267 3173 344 3239 ‘dare
357 3172 538 3238 fucultatem
553 3171 676 3236 dicendi
690 3171 804 3258 cuique
819 3173 935 3238 volenti
948 3177 1003 3258 36,
1020 3173 1069 3237 28.
1085 3189 1140 3258 32.
1173 3175 1197 3233 οό
1211 3177 1267 3232 τοῖιν
1280 3193 1365 3232 συκο-

265 3269 376 3339 φαντῶν
391 3258 470 3342 λόγον
484 3259 550 3344 πρός
565 3260 626 3332 τοὺς
641 3259 797 3346 ἐφ’ῦημέραν
812 3261 920 3347 καιροὺς
935 3260 1066 3342 λέγονται
1078 3259 1131 3340 36,
1140 3275 1200 3366 30.
1231 3259 1365 3336 ἀναλαμ·

266 3345 361 3426 βάνειν
375 3349 422 3424 τὴν
442 3349 533 3430 ἀρχὴν
551 3351 600 3408 τοῦ
623 3343 708 3429 λόγου
724 3364 778 3424 40,
793 3345 852 3410 ult.
891 3345 1031 3426 ένθῦμημοι
1052 3349 1091 3428 τῷ
1113 3357 1192 3426 λογῳ
1213 3339 1365 3450 προσέθηκε

267 3451 322 3513 42,
337 3447 391 3516 27.
427 3431 506 3504 δεινός
520 3434 576 3504 τοῖς
591 3427 685 3513 λόγοις
700 3431 874 3512 Δημοσθένης
888 3450 943 3515 43,
959 3433 990 3494 6.
1028 3429 1139 3507 ἀνήκοον
1150 3430 1260 3508 μηδενός
1275 3426 1365 3507 λόγον

263 3522 434 3594 Ἑλληνικοῦ
448 3514 523 3602 ᾤμην
537 3519 589 3579 δεῖν
602 3521 650 3591 τὴν
669 3515 830 3597 μέλλουσαν
849 3517 928 3580 πόλιν
949 3517 1015 3600 ὑπὲρ
1030 3521 1083 3577 τῶν
1099 3513 1167 3578 όλιον
1181 3512 1363 3591 βουλεύεσθαι

265 3623 322 3686 44,
338 3607 370 3668 6.
406 3601 565 3688 διαιρεῖσθαι
587 3602 673 3685 λόγον
691 3621 745 3683 44,
765 3603 796 3667 8.
841 3601 976 3667 καταλῦον
997 3603 1043 3664 τδν
1065 3599 1149 3683 λόγον
1169 3617 1225 3679 44,
1240 3596 1364 3685 penult.

264 3689 435 3776 περιπίπτειν
456 3691 512 3762 τοῖς
533 3694 630 3751 ἑαυτοῦ
653 3685 748 3774 λόγοις
767 3705 823 3772 47,
843 3709 890 3775 13.
926 3691 982 3762 τοῖς
1003 3685 1073 3766 βίοις
1094 3692 1169 3767 ἡμῶν
1190 3684 1364 3771 προσέχουσι

266 3781 390 3860 μᾶλλον,
413 3772 429 3850 θη
452 3777 508 3848 τοῖς
529 3773 625 3857 λόγοις
643 3773 698 3855 48,
720 3789 770 3858 17.
807 3775 909 3838 ἀνόσιοι
931 3773 1032 3858 τέχναι
1054 3778 1109 3836 τῶν
1132 3769 1224 3856 λόγιον
1237 3789 1295 3854 49,
1314 3787 1363 3832 10.

266 3860 497 3945 ἐπαγγέλλεσθαι
512 3858 616 3944 τέχνας
630 3867 684 3922 τοῖιν
698 3859 792 3943 λόγοιν
805 3861 870 3946 πρὸς
883 3861 945 3933 τοὺς
959 3859 1031 3932 νέους
1044 3879 1099 3943 49,
1119 3877 1168 3921 11.
1203 3858 1366 3938 μιτακαλπῐ

266 3953 314 4028 τὴν
328 3949 424 4031 ψυχὴν
435 3947 490 4008 ἀπδ
503 3949 550 4020 τῆς
566 3947 647 4028 όργῆς
663 3949 675 4006 ό
690 3944 806 4021 κίνδυνος
820 3948 862 4010 ini
883 3947 945 4019 τοῦς
965 3950 1011 4022 τῆς
1033 3941 1169 4028 σωτηρίας
1191 3941 1294 4027 λόγους
1307 3961 1364 4026 49,

267 4054 319 4121 3ο.
363 4032 479 4117 γράφειν
494 4029 593 4114 λόγους
609 4034 644 4104 είς
662 4033 826 4114 δικαστῆρια
844 4032 943 4111 μισθοῦ
956 4045 1011 4114 50,
1029 4049 1081 4094 21.
1119 4029 1239 4111 ἐκφέρειν
1261 4027 1365 4110 λόγους

266 4125 323 4195 τοῖς
336 4117 482 4190 ἀντιδίκοις
495 4133 550 4201 50,
566 4133 618 4182 22.
651 4119 817 4201 προορᾶσθαι
832 4121 870 4180 τοὶ
884 4119 958 4180 δοινά
971 4121 1012 4201 τῷ
1027 4115 1105 4201 λόγῳ
1117 4127 1173 4198 52,
1191 4133 1220 4177 1.
1254 4113 1365 4197 ῦγγρά·

265 4225 324 4286 φειν
337 4204 421 4287 λόγον
435 4204 483 4266 καί
499 4202 605 4276 εῦθόνας
617 4203 681 4286 πρὸς
695 4205 741 4265 τῦν
755 4203 931 4288 γραμματέα
953 4203 1000 4266 καί
1023 4203 1084 4273 τοῦς
1105 4202 1245 4284 λογιστάς
1259 4201 1316 4283 56,
1332 4218 1364 4284 3.

264 4291 387 4374 ἄφυκτος
401 4287 485 4372 λόγος
499 4289 554 4372 56,
576 4305 624 4367 14.
661 4287 812 4373 ἐγγράφειν
825 4291 890 4372 πρδς
905 4289 966 4362 τοὺς
980 4289 1119 4372 λογιστὰς
1139 4284 1224 4369 λόγον
1238 4285 1295 4369 56,
1309 4303 1363 4369 30.

263 4377 408 4462 ἀποφέρειν
423 4373 507 4458 λόγον
520 4375 575 4458 56,
590 4394 663 4460 pen.
700 4377 911 4455 ἀπολαμβάνειν
930 4373 1015 4458 λόγον
1036 4379 1091 4436 τῶν
1112 4372 1295 4450 ἀνηλωμένων
1307 4385 1364 4456 57,

263 4487 322 4552 40.
345 4458 515 4548 μακρότεροι
528 4457 615 4544 λόγου
630 4457 709 4546 ἔργον
719 4467 845 4548 Ιἡγοῦμαι
860 4462 915 4539 60,
929 4479 985 4541 41.
1019 4459 1234 4540 έπειδοὶναῦποῦς
1248 4461 1269 4549 όΙ
1279 4457 1365 4542 λόγος
