2934 4976
260 283 321 348 818
732 287 881 352 INDEX

304 461 417 547 ὑπιδεῖν]
433 459 566 524 ὑπίδοισθι
581 459 629 520 καθ
644 457 815 540 φυλάξαισθε
830 460 904 536 622,
920 475 950 538 4.
1363 528 1368 538 ,

303 549 496 631 ὑπισχνεῖσθαι
518 567 583 609 sese
603 543 696 622 ferre,
706 544 838 630 jactare,
854 543 993 631 profiteri
1014 541 1162 630 aliquem,
1177 542 1236 631 qui
1257 540 1359 606 ininus

260 630 309 694 sit.
347 637 369 694 εί
384 632 502 706 τοιοῦτός
517 635 603 710 ἐστιν,
620 631 671 705 οῖος
684 635 871 716 ὑπισχνεῖται,
887 628 952 694 scil.
969 629 1035 694 εῖναι
1051 631 1126 712 784,
1140 650 1173 715 3.
1204 627 1358 706 εὑνοιαν,ίρν

259 720 325 802 πρὸς
347 719 394 780 τόν
413 719 494 799 δῆμον
515 717 589 803 ἔχειν
609 720 785 802 ὑπισχνεῖται
811 731 953 800 790,12.
991 717 1153 802 ὑπεσχόμην
1173 716 1356 802 χορηγήσειν,

259 803 369 884 μηδενός
384 801 474 867 ἄλλου
490 803 715 912 ὑπισγνουμένου.
752 800 828 866 citat
844 799 945 865 Schol.
963 803 1119 888 Hermog.
1133 825 1168 888 p.
1179 803 1257 887 384.

303 885 395 974 ὑπνος]
411 897 540 952 τυσοὺτυν
553 913 632 952 υπνον
646 889 694 951 καί
709 887 789 965 λήθην
803 885 926 962 ἅπαντας
942 888 1016 974 ἐχειν
1030 907 1106 973 320,
1121 888 1290 971 5.=locus
1308 883 1357 948 ille

261 975 406 1122 iffilomeri,
421 975 477 1123 91ιί
496 974 601 1062 agitur
622 973 661 1037 de
683 995 791 1037 somno
805 972 939 1038 Achillis
960 997 1054 1060 super
1075 973 1199 1037 tumulo
1222 970 1357 1036 Patrocli

306 1079 374 1125 ‚20
401 1084 422 1124 u
436 1073 459 1125 t.

304 1107 404 1234 osiJ'i
414 1173 441 1210 τι
454 1147 621 1228 φυλάξομεν,
638 1145 710 1209 οὑδίν
725 1149 800 1210 ἐστιν
814 1149 863 1209 ὑπὸ
883 1152 932 1210 τοὺ
950 1142 1073 1228 πολέμου
1095 1144 1197 1209 λοιπόν.
1235 1167 1305 1231 per,
1317 1143 1357 1208 ob

259 1229 377 1296 bellum
393 1251 444 1318 25,
462 1251 511 1313 24
549 1231 581 1296 οθν
596 1234 618 1294 δ’
634 1234 682 1295 ὑπὸ
703 1232 864 1314 πνευμάτων
880 1237 919 1312 μὴ
942 1231 1089 1313 δυνάμεθα.
1124 1229 1358 1296 08101110εαὺ-

259 1340 364 1382 versos
376 1339 430 1402 94,
439 1333 470 1403 5.
497 1318 559 1392 τοὺς
574 1319 698 1404 ἐχθροὺς,
714 1316 757 1392 οὓς
772 1321 820 1380 οὑκ
836 1315 908 1380 ἐστιν
923 1316 972 1380 ὑπό
986 1321 1041 1390 τοῖς
1055 1318 1144 1400 νόμοις
1158 1321 1270 1395 λαβεῖν.
1292 1317 1357 1382 who

259 1427 332 1468 core
345 1405 493 1490 littlefhr
505 1427 566 1469 ουν
580 1405 665 1469 lotoe.
726 1427 782 1467 uos
803 1427 912 1490 capere
933 1416 1029 1489 atque
1050 1417 1155 1468 tenere
1175 1403 1358 1469 constrictos

259 1489 366 1578 legum
380 1505 555 1555 nostrarum
569 1428 800 1554 vinculisisaud
814 1489 885 1554 lieet
900 1506 953 1574 97,
968 1509 1002 1570 4.
1038 1491 1087 1553 ὑτδ
1101 1492 1237 1577 ταὺτητῇ
1257 1515 1359 1576 προση-

259 1578 344 1662 γορίᾳ
365 1579 439 1640 ἐστίν
462 1577 633 1662 οὑδείς630,
654 1596 681 1640 1.
725 1578 792 1640 ἀλλ’
813 1577 864 1640 ὑπό
886 1583 940 1639 τοῖν
963 1583 1138 1660 λειτουργιῶν
1160 1576 1203 1640 ob
1226 1598 1358 1641 munere

259 1662 392 1740 edenda,
416 1665 464 1726 καθ
488 1671 541 1727 τοῖν
568 1669 707 1744 εἰσφορῶν,
731 1662 779 1726 καί
800 1669 848 1739 τῆς
871 1664 936 1746 πρδς
956 1664 1028 1743 ὑμεῖς
1052 1663 1222 1743 φιλοτιμίας,
1245 1667 1285 1725 ταὶ
1307 1665 1358 1745 μέν

259 1748 378 1836 ἐνέχυρα
403 1753 492 1813 κεῖται
520 1753 610 1813 αὑτῶν
639 1747 850 1836 [supellectilis
872 1771 950 1812 meoe
973 1747 1163 1833 domesticus]
1193 1753 1232 1812 τοὶ
1255 1750 1285 1811 δέ
1310 1749 1358 1812 πέ-

257 1861 363 1921 πραται
380 1851 474 1920 1155,
490 1854 658 1902 22.τοοω
672 1834 821 1922 genitivo.
865 1835 996 1898 δουλεύειν
1018 1837 1080 1909 ταῖς
1100 1833 1273 1919 αἰσχίσταις
1294 1839 1356 1911 ίηδο-

258 1925 327 2002 ναῖς,
343 1922 513 2005 όὺοφαγίαις
536 1922 584 1984 καθ
603 1921 793 1995 πολυτελείαις
816 1921 935 1999 δείπνων,
959 1920 1007 1983 ιεαδ
1031 1919 1188 2006 αὐλητρίσι,
1209 1921 1259 1984 ιεαδ
1283 1921 1358 1984 ἐταέ-

173 2017 179 2024 ’
258 2033 330 2092 ραις,
354 2009 402 2070 καθ
426 2009 530 2088 κύβοις,
554 2009 601 2070 καθ
624 2011 679 2082 τοῖς
700 2005 808 2084 ἄλλοις,
832 2011 874 2087 ὑφ’
893 2003 929 2070 οὑν
950 2006 1051 2081 οὑδενθς
1072 2008 1112 2069 δεῖ
1130 2007 1293 2093 κρατεῖσθαι
1311 2009 1358 2072 τόν

259 2097 381 2176 γενναῖον
403 2092 456 2156 AE.
472 2095 503 2172 6,
518 2113 569 2178 34.
615 2095 887 2180 καταμαρτυρεῖσθαι
910 2094 959 2156 ὑπθ
981 2098 1030 2155 τονῖ
1051 2099 1148 2156 ἑαυτοῦ
1170 2091 1233 2171 βίου
1257 2112 1309 2178 13,
1324 2113 1357 2178 3.

257 2183 354 2242 πολλὰ
369 2180 555 2260 ἁμιλληθέντα
569 2179 712 2288 μαρτὺρων
726 2179 777 2243 ὑπο
794 2199 846 2257 21,
862 2194 914 2266 35.
950 2179 1129 2264 παρεμβολαί
1143 2177 1238 2262 λόγων
1250 2180 1358 2242 πολλαί

258 2265 402 2350 εὑρέθησαν
417 2266 467 2327 ὑπὸ
484 2269 671 2346 Δημοσθενους
686 2283 738 2350 23,
752 2285 804 2348 41.
842 2269 892 2329 ὑπὸ
907 2271 960 2328 τῶν
975 2267 1089 2328 ἀπατῶν
1104 2267 1151 2327 καί
1166 2264 1359 2345 ἀλαζονευμά-

257 2375 314 2414 των
328 2351 465 2435 ὑπάγεσθε
482 2365 534 2436 25,
552 2371 603 2436 23.
646 2356 681 2439 οἰρ
707 2357 740 2426 οδς
760 2351 936 2432 ἀδικημάτων
954 2355 993 2433 μη
1015 2348 1100 2414 οίισθν
1121 2351 1174 2412 άπδ
1196 2353 1273 2429 θεῶν,
1289 2353 1358 2415 ἀλλ’

258 2439 314 2521 οὑχ
334 2439 378 2500 ὑπ’
400 2436 544 2524 ἀνθρώπων
567 2379 721 2522 άσελγείόις
741 2435 865 2522 γίνεσθαι
888 2455 940 2519 27,
955 2451 988 2520 5.
1028 2436 1103 2499 ἑάλω
1126 2439 1175 2500 ὑπδ
1197 2445 1309 2523 λῃστῶν
1331 2441 1359 2500 ἐν

258 2523 384 2597 σπονδαῖς
399 2524 588 2604 Ὀλυμπικαῖς
605 2542 657 2608 29,
671 2539 724 2608 35.
768 2521 891 2609 ἡρημένοι
914 2525 964 2586 ὑπὸ
986 2527 1034 2598 τῆς
1056 2527 1143 2606 φυγῆς
1156 2540 1212 2606 47,
1229 2524 1258 2587 8.
1303 2529 1360 2586 τοῖν

257 2632 298 2670 τει
325 2616 360 2670 ὢν
375 2610 424 2671 ὑπδ
439 2608 658 2697 τῶνβαρβάρων
675 2610 856 2672 πεπτωκότων
870 2623 926 2693 51,
944 2627 996 2672 11.
1040 2607 1206 2696 πυλαγόρας
1225 2635 1360 2696 χειροτο-

259 2635 340 2770 νηόεὺς
355 2695 396 2775 ὑφ’
414 2701 488 2776 ἡμῶν
503 2695 556 2780 69,
571 2714 623 2780 31.
647 2694 856 2781 ἐξειργασμένον
869 2700 950 2757 τοῦτο
962 2695 993 2757 τό
1004 2694 1092 2758 πεδίον
1103 2695 1153 2758 ὑπδ
1169 2703 1224 2758 τῶν
1233 2698 1359 2776 Ἀμφισ-

257 2777 327 2842 σέων
352 2795 406 2861 70,
429 2798 481 2848 22.
524 2779 672 2844 άπολαόων
696 2782 743 2844 καί
765 2780 968 2863 ἐμπιπλάμενος
990 2786 1038 2858 τῆς
1060 2778 1193 2862 διδομένης
1216 2784 1261 2860 ὑφ’
1284 2787 1360 2862 ὑμῶν

258 2869 335 2950 αὑτῷ
349 2866 474 2944 ἐξουσίας
488 2883 543 2948 72,
562 2879 613 2952 15.
657 2867 776 2950 ἤμελλεν
792 2865 1005 2951 (Alexander)
1021 2867 1285 2948 συμπατηθῆσεσθαι
1307 2869 1360 2930 ὑπδ

259 2956 307 3027 τῆς
323 2957 463 3034 Περσικῆς
478 2952 560 3016 ’ίππου
576 2967 628 3036 77,
647 2973 697 3016 10.
741 2951 965 3037 ἀναγκαζόμενος
979 2954 1030 3015 ὑπὸ
1044 2956 1091 3028 τῆς
1108 2955 1135 3013 ἐν
1152 2958 1186 3038 τῇ
1209 2953 1290 3034 φὺσει
1311 2955 1362 3016 δα-

258 3036 341 3115 πάνης
357 3039 409 3122 85,
425 3038 455 3102 8.
498 3038 667 3124 παριστάναι
684 3040 731 3102 καί
746 3041 784 3100 τοὶ
804 3042 842 3120 μὴ
860 3039 1043 3124 πεπραγμένα
1065 3040 1107 3118 ὑφ’
1123 3043 1209 3103 αὑτοῦ
1232 3039 1288 3118 86,
1305 3053 1360 3125 25.

258 3124 477 3205 ἐγκαταληφθεὶς
491 3125 542 3188 ὑπό
558 3131 611 3188 τῶν
625 3125 764 3210 παρόντων
778 3127 855 3211 αὑτῷ
869 3123 992 3188 κινδὺνων
1007 3124 1059 3202 88,
1076 3142 1106 3188 2.
1144 3128 1255 3188 ἐκπλεῖν
1276 3126 1359 3207 μόνος

142 3261 146 3268 .
258 3212 294 3282 είς
308 3207 407 3290 Σάμον
422 3209 591 3296 ἐγχειρησας
606 3211 752 3298 αὑθῆμερον
771 3209 822 3274 ὑπθ
836 3215 882 3286 τῆς
903 3213 933 3288 ἐξ
946 3209 1055 3298 Ἀρείου
1076 3209 1170 3294 πάγου
1191 3213 1308 3288 βουλῆς,
1322 3213 1361 3286 είς

257 3293 384 3379 προδότης
399 3301 446 3372 τῆς
459 3294 586 3375 πατρίδος
600 3295 709 3382 θανάτῳ
724 3296 854 3376 ἐζημιώθη
871 3295 923 3380 89,
937 3315 992 3382 34.
1018 3295 1055 3380 b)
1071 3317 1143 3360 cum
1158 3296 1359 3362 Accusativo.

257 3384 306 3440 σεῦ
321 3377 431 3466 ὕστερος
446 3380 501 3462 ιέμι
516 3382 567 3444 ὑπδ
582 3379 738 3466 γαῖανῆο,
752 3401 807 3462 41.
851 3391 906 3445 τῶν
919 3385 970 3446 ὑπδ
987 3383 1034 3445 τδν
1048 3383 1122 3460 ἥλιον
1140 3382 1287 3466 ἀνθρώπων
1302 3403 1359 3492 33,

257 3483 310 3548 31.
333 3469 370 3528 τοδ
384 3466 510 3549 μέγιστα
525 3475 578 3532 τῶν
593 3471 619 3530 ἐν
633 3473 666 3553 τῇ
680 3467 757 3556 πόλει
772 3467 912 3552 συνεδρίων
926 3468 977 3532 ὑπδ
992 3471 1107 3547 τὴντῶν
1121 3469 1306 3552 δικαστηρίων
1316 3496 1360 3557 ερ-

254 3575 343 3634 χεται
357 3552 446 3630 ψῆφον
460 3554 514 3636 56,
531 3571 583 3636 29.
626 3551 706 3634 άγειν
721 3555 771 3616 ὑπδ
786 3558 833 3631 τὴν
848 3555 936 3631 ιὺἤφον
949 3555 1004 3640 56,
1020 3555 1168 3639 31.;-.ὑπδ
1184 3560 1233 3631 τῆς
1251 3555 1359 3630 πόλεως

257 3635 431 3712 ἀποθνήσκειν
440 3637 533 3724 jussu
548 3638 668 3726 populi,
682 3638 867 3705 auctoritate
886 3639 963 3726 reip.
980 3640 1045 3727 Ly.
1065 3657 1135 3726 159.
1152 3659 1205 3726 29.
1251 3641 1304 3706 ὑπὸ
1325 3647 1360 3727 τῇ

257 3720 339 3806 ψόφῳ
354 3721 428 3806 ἔχειν
447 3724 660 3805 148,-4.;υ”πδ
675 3729 731 3800 τοῖς
746 3724 853 3788 ἐκείνων
867 3725 940 3802 ἤθεσι
955 3726 1100 3812 τραφέντες
1113 3727 1157 3790 D.
1174 3747 1230 3810 99,
1244 3745 1300 3807 44.

257 3893 290 3956 D
299 3809 467 3893 ὑποβαίνειν]
478 3810 700 3890 *ὑποβαινοὺσας
711 3816 747 3886 εἰς
755 3815 803 3889 την
815 3811 951 3892 Θηβαίων
961 3809 1109 3898 σωτηρίαν.
1132 3811 1158 3876 si
1170 3812 1251 3878 bene
1262 3813 1361 3878 habet

292 3940 298 3954 .
338 3911 369 3970 2,
409 3913 439 3960 2.

299 3913 481 4066 siusium]
499 3987 514 4059 η
530 3983 556 4044 δὲ
571 3985 691 4046 δοκοῦσα
709 3983 884 4070 [putatieis,
899 3983 1028 4071 opinato
1040 3999 1140 4049 mater
1160 3985 1291 4071 Midioe]
1310 3987 1359 4050 καί

255 4064 447 4146 ὑποβαλομένη
462 4073 568 4146 τοῦτον,
577 4091 649 4154 quae
664 4090 734 4133 eum
752 4069 810 4133 sibi
824 4069 991 4158 supposuit
1003 4093 1062 4158 pro
1076 4069 1151 4153 filio,
1160 4071 1218 4158 qui
1229 4071 1362 4138 ultetius

256 4163 334 4214 esset
348 4151 423 4234 563,
438 4169 469 4236 5.
499 4155 598 4217 τοιαῦθ
613 4155 784 4234 ὑποβάλλειν
800 4159 875 4242 αὑτῷ
890 4157 1045 4221 e'usmodi
1061 4181 1151 4222 voces
1164 4173 1292 4246 oportet
1303 4183 1361 4222 vos

255 4235 283 4297 ei
297 4257 465 4322 opponere,
481 4237 523 4302 sic
536 4261 697 4304 oecurrere
711 4241 787 4324 580,
803 4243 834 4306 6.
855 4179 947 4320 1080,
964 4263 996 4326 9.
1015 4263 1110 4330 1203,
1129 4265 1181 4309 10.
1227 4255 1285 4320 πῶς
1300 4250 1360 4330 γὰρ

255 4319 289 4382 άν
302 4347 343 4396 τις
356 4323 491 4402 ὑποβάλω
505 4329 552 4400 την
568 4329 617 4404 σὴν
631 4325 705 4402 θὺιν.
742 4326 840 4392 oculis
854 4328 1040 4416 subjiciat,s
1098 4330 1228 4395 tondum
1242 4353 1360 4419 propo·

255 4419 309 4468 nat
327 4423 419 4503 1405,
435 4407 597 4497 ult.=pro
613 4410 820 4476 fundamento
838 4435 1014 4501 supponere
1076 4436 1132 4497 .4,
1151 4437 1201 4502 19.
1246 4439 1358 4482 occur·

256 4509 322 4552 rore
336 4491 468 4577 alicujus
481 4495 613 4560 orationi
627 4519 697 4562 cum
713 4498 914 4579 refutatione,
928 4500 1058 4588 obloqui
1075 4521 1126 4581 12,
1145 4519 1197 4588 15.
1220 4506 1356 4584 ὑποβαλὸ
