2888 4984
243 260 307 332 774
706 243 865 310 INDEX

242 420 328 502 ὑγιεῖς
341 415 491 500 γενέμενοι,
507 413 641 496 σιέζονται
663 435 746 480 come
766 423 822 482 out
835 415 910 502 ini
922 414 1018 480 alive.
1057 411 1134 480 1111νὶ
1146 415 1288 484 evadunt
1300 419 1340 482 A.

246 505 318 581 116,
336 500 526 584 06.εσοέζειν
540 505 578 564 τὰ
592 501 779 580 έθηφισμένα.
803 499 989 612 0100311111.
1008 520 1080 580 122,
1094 520 1150 582 42.
1183 503 1344 584 φιλοτιμού-

241 614 316 670 μενοι
332 586 373 652 ὅτι
388 589 437 651 καῖ
447 589 509 662 τοὺς
520 595 638 674 φανεροῖς
654 587 847 670 ἡμαρτηκότας
861 591 957 667 σωζειν
971 587 1097 652 δύνανται
1115 606 1189 667 141,
1206 589 1261 654 08.
1288 614 1343 650 σα.

244 675 344 756 ζόμενα
365 676 403 736 τοὶ
427 673 476 736 ὐπδ
500 672 603 736 τούτων
623 671 790 754 δημευόμενα
809 689 881 755 151,
901 691 948 735 10.
982 673 1114 751 βούλεσθε
1136 679 1209 754 ἡμᾶς
1232 674 1343 748 διααέας

241 764 354 840 μᾶλλον
364 766 468 836 σεῖσαι,
480 756 496 836 ἢ
507 756 608 832 ιἐδέιιιος
618 756 756 821 ἀπολέσαι
768 761 841 842 156,
850 778 904 838 40.
930 760 968 820 τοῖ
981 757 1032 839 μέν
1047 764 1149 822 ἱαιιτοῖν
1164 758 1343 836 εἐνηλεῖκασι,

242 849 297 918 τοῖς
313 843 340 906 δέ
354 847 392 906 τοὶ
405 842 525 929 σφέτερα
537 843 633 924 σώζειν
649 842 797 925 (servare,
813 841 905 921 tueri,
921 841 1006 907 salvs
1027 841 1174 928 retinere)
1190 845 1343 925 βουλομέν-

174 965 181 975 ·
242 955 280 1004 οις
299 929 502 1008 ι’πιβοιιλεέοιισι
523 943 593 1010 170,
606 945 640 1013 5.
678 929 734 990 έπεῖ
749 931 771 990 δ
786 927 869 1004 ἐσοέιθη
889 927 975 993 salva
989 927 1022 992 in
1036 942 1162 1016 portum
1180 929 1276 994 rediit
1289 951 1344 993 na-

241 1015 290 1079 vis
303 1037 321 1078 e
334 1013 581 1100 peregrinatione
595 1013 670 1100 908,
686 1017 718 1078 6.
762 1017 801 1076 τοῖ
815 1013 935 1078 σωθέντα
950 1022 1004 1078 τοῖιν
1016 1013 1175 1098 χρημάτων
1189 1015 1275 1089 αιῖτδς
1289 1015 1343 1092 ἔτι

241 1123 359 1165 meroes
373 1114 405 1164 et
422 1098 579 1186 pecunias,
595 1122 668 1185 quae
682 1123 700 1162 e
714 1097 853 1186 periculo
871 1097 1076 1187 navigationis
1095 1099 1189 1164 sslvae
1208 1099 1343 1166 domum

241 1185 402 1250 redierunt
420 1199 452 1249 et
466 1184 570 1249 adhuc
585 1198 753 1272 supersunt
762 1185 836 1269 908,
846 1204 877 1268 9.

284 1271 383 1356 σῶμα]
401 1275 456 1344 τοῖς
468 1272 520 1352 μὶν
533 1271 636 1344 δούλοις
651 1271 778 1334 ἁπάντων
792 1279 846 1334 τῶν
860 1270 1037 1351 ἀδικημάτων
1051 1273 1083 1334 τδ
1098 1279 1184 1354 σῶμα
1198 1271 1345 1338 εἰπειῖθιινέν

241 1360 326 1436 ἐστιν,
334 1379 449 1443 eorpus
462 1355 548 1420 luere
562 1356 667 1434 debet,
677 1355 748 1442 θῖισγ
761 1365 846 1420 must
852 1357 990 1464 payfir
1003 1358 1030 1421 it
1043 1359 1080 1420 ιἐι
1094 1359 1161 1421 and
1170 1359 1247 1420 reith
1257 1358 1345 1422 their

241 1443 366 1515 hodiem
381 1445 436 1516 τοῖς
448 1443 470 1504 δ’
479 1442 634 1527 ῖλεοθέροις,
647 1440 699 1506 κοῖν
710 1446 747 1506 τοὶ
757 1440 884 1525 μέγιστα
896 1467 1022 1525 τυχασιν
1036 1444 1200 1523 ἀδικοῦντες,
1215 1445 1305 1508 τοῦτο’
1312 1447 1344 1527 γ’

244 1528 323 1614 [scil.
338 1528 469 1615 eorpus]
485 1527 572 1592 ἔνεστι
594 1535 686 1592 σῶσαι
700 1529 777 1603 610,
794 1531 825 1592 6.
855 1525 986 1592 recurrit
1007 1550 1039 1614 p.
1053 1542 1127 1614 752,
1150 1549 1198 1612 13.
1228 1528 1344 1594 eedem

241 1613 404 1692 sententia,
420 1612 475 1678 sed
489 1636 547 1701 pro
561 1612 724 1700 posnemis
737 1611 781 1678 ibi
795 1628 841 1677 est
854 1620 934 1678 τοῦτο
955 1609 1074 1678 ὕστατον
1092 1618 1223 1701 προσήκει
1246 1616 1344 1680 κελέ-

242 1705 303 1782 ζειν.
340 1699 468 1766 οἰτοῖλισε
482 1698 565 1762 πλέον
580 1699 595 1776 ἢ
611 1698 758 1787 τριακόσια
771 1699 896 1781 σώματα
910 1698 1046 1782 ῖλιῦθερα.
1090 1699 1203 1786 eapite,
1220 1700 1344 1764 indivi-

241 1785 308 1850 dua
322 1803 397 1870 910,
416 1805 463 1870 13.
507 1785 657 1871 τρισχέλια
671 1785 850 1870 αῖχμοῖλωτα
863 1784 985 1865 σοιἰματα
1000 1786 1066 1870 δεῦρ’
1081 1785 1176 1870 ἤγαγε
1188 1787 1265 1867 480,
1290 1807 1343 1852 10.

241 1873 274 1936 τδ
287 1872 375 1956 τρέτον
390 1874 471 1956 μέρος
485 1873 637 1953 ἠτιμῶσθαι
650 1877 698 1934 τοῦ
713 1869 844 1952 τιέματος
862 1889 955 1955 1031,
971 1889 1022 1934 01.
1058 1877 1098 1956 τῷ
1118 1871 1230 1954 σοι’ματι
1251 1873 1346 1958 έργεέ.

242 1957 335 2038 ζεσθαι
349 1979 478 2044 corpore
488 1969 644 2042 quaestum
658 1956 770 2034 faeere,
782 1955 846 2020 sive
856 1954 1076 2034 meretricium,
1088 1981 1151 2021 uve
1164 1956 1346 2044 bsjulendo

245 2059 339 2128 1351,
357 2041 570 2108 01.εοίτιστέα
586 2044 633 2105 καῖ
648 2050 663 2119 ἡ
677 2044 735 2124 μεθ’
750 2041 839 2106 δτλων
853 2043 955 2152 φρουρεῖ
971 2041 1052 2124 σαῖζει
1070 2047 1108 2106 τοὶ
1126 2051 1179 2106 τοῖν
1199 2043 1346 2128 τυράννοιν

242 2130 291 2192 καῖ
305 2137 359 2192 τοῖν
374 2131 547 2213 ὀλιγαρχιῶν
562 2127 686 2209 σώματα
704 2130 752 2191 καῖ
772 2143 913 2192 πολιτειαν
928 2129 982 2192 AE.
1002 2148 1030 2206 1,
1048 2147 1096 2194 00.
1134 2133 1257 2192 οῖκετικοὶ
1282 2131 1346 2194 στέν-

240 2240 334 2296 ματα,
349 2236 479 2300 corpora
496 2211 629 2278 servilia.
668 2213 865 2300 ἐξαμαρτάνειν
886 2217 921 2288 εῖς
942 2217 1065 2278 οἰκετικὰ
1088 2213 1210 2295 σώματα
1230 2235 1265 2300 3,
1288 2235 1343 2300 19.

242 2301 371 2373 *αῖςούδῖ
387 2303 499 2384 καθαρῷ
515 2301 675 2384 διαλέγεται
691 2305 730 2384 τῷ
744 2297 856 2378 σώματι
871 2319 903 2384 3,
919 2319 974 2385 33.
1006 2322 1079 2385 quae
1094 2299 1194 2377 lectio,
1209 2299 1345 2366 tametsi

241 2383 414 2463 sollicitate,
429 2384 508 2450 bene
529 2383 634 2452 habet.
669 2393 754 2466 σῶμα
772 2383 816 2449 ibi
830 2399 877 2449 est
890 2383 974 2450 idem
990 2399 1085 2472 etque
1106 2401 1210 2473 caput,
1225 2387 1345 2467 homo,

240 2469 451 2551 individuum,
467 2487 503 2536 ut
522 2471 618 2558 vulgo
639 2484 803 2558 usurpant,
817 2493 871 2536 seu
893 2493 1036 2558 persone.
1070 2471 1220 2580 προχείρως
1242 2478 1283 2546 εὶς
1309 2476 1345 2538 τὸ

241 2564 437 2639 intervisimus
452 2559 649 2642 ἐξαμαρτάνειν
662 2578 695 2638 4,
709 2577 742 2638 4.
786 2557 949 2643 πιπράσκειν
964 2559 995 2621 τδ
1006 2566 1091 2639 σῶμα
1106 2561 1145 2639 έφ’
1161 2562 1237 2645 ιιβρει
1250 2580 1289 2643 5,
1308 2575 1345 2645 5.

241 2643 467 2728 καταγελάστοις
479 2646 600 2728 χρησθαι
620 2649 659 2728 τῷ
678 2643 837 2727 οἰέιματι5,
856 2661 904 2728 13.
948 2646 1053 2725 έμφανῆ
1075 2647 1113 2706 τὰ
1135 2643 1256 2726 σοέιμοιτα
1282 2655 1346 2710 riv

241 2733 351 2794 οῖκετιῖιν
365 2731 540 2814 παρασχέτω
558 2747 609 2810 14,
627 2731 678 2792 18.
715 2733 841 2816 ὑπερορᾶν
856 2725 933 2816 ὕβριν
948 2738 985 2802 ιΙς
1000 2727 1031 2792 ri
1053 2735 1150 2792 έαιιτοιῖ
1171 2737 1256 2810 σῶμα
1283 2734 1344 2812 16,

241 2833 292 2901 05.
329 2817 472 2898 εὐπρέπεια
486 2822 534 2878 τοιῖ
549 2814 678 2893 σώματος
696 2815 746 2892 18,
763 2811 882 2900 penult.
918 2815 1072 2900 μισθαρνεῖν
1087 2820 1128 2898 τῷ
1145 2839 1257 2897 σαματι
1282 2834 1344 2900 00,

240 2915 272 2984 7.
302 2905 368 2987 sirie
384 2902 431 2963 καῖ
446 2899 527 2985 ἄρρην
542 2900 573 2962 τδ
588 2907 673 2980 σῶμα
689 2901 741 2976 06,
758 2918 810 2963 00.
848 2899 988 2984 ἱερωσύνην
1002 2899 1102 2974 οὐδενδς
1116 2903 1178 2963 θεοῖν
1192 2903 1347 2988 κληρώσε-

238 3013 299 3063 ται,
313 2988 348 3061 ειῖς
363 2989 413 3049 οιῖκ
427 2984 462 3049 aiv
479 2989 509 3048 έκ
524 2994 577 3048 τῶν
593 2985 678 3066 νέμων
693 2987 808 3071 καθαρὸς
822 2985 854 3047 τδ
869 2991 954 3066 σῶμα
970 2987 1022 3063 06,
1036 2989 1089 3071 36.
1122 2983 1197 3068 ιῖβριν
1212 2995 1261 3049 τοῦ
1279 2987 1345 3051 σοῖ-

237 3097 326 3154 ματος
339 3069 494 3154 πεπρακιδς,
511 3069 559 3154 (id
573 3085 620 3135 est
635 3073 664 3134 τδ
678 3077 763 3151 σῶμα
776 3072 840 3153 τρεῖς
854 3067 946 3157 ὕβριν)
965 3073 1017 3150 06,
1031 3090 1086 3152 41.
1122 3075 1261 3157 προπετεῖς
1288 3081 1344 3136 τοῦ

238 3156 370 3238 σώματος
384 3158 472 3234 ἡδοναὶ
489 3173 540 3239 07,
558 3157 589 3222 8.
624 3155 747 3238 ἄπρατον
769 3158 841 3218 οὐδὲν
863 3153 1038 3244 έχων-μέρος
1061 3165 1109 3220 τοῦ
1130 3155 1260 3238 σώματος
1276 3179 1342 3243 31,

241 3262 290 3326 19.
329 3242 455 3306 δύνασθαι
470 3248 510 3327 τῷ
523 3241 645 3322 σεέιματι,
660 3242 739 3306 bene
753 3240 856 3306 valere
877 3261 1073 3328 0017101040,
1088 3263 1142 3328 39.
1179 3245 1208 3306 αῖ
1230 3243 1345 3322 φθονεῖς

236 3353 284 3410 μοι
299 3335 352 3392 τῶν
368 3333 403 3402 εῖς
417 3329 449 3392 τδ
463 3336 547 3406 σῶμα
560 3327 723 3409 τιμημάτων
735 3328 790 3409 46,
805 3347 859 3413 31.
893 3330 1011 3402 σπονδοὶς
1024 3331 1080 3401 τοῖς
1093 3328 1220 3410 σώμασιν
1231 3332 1343 3410 αἰτεῖν,

237 3411 278 3478 de
292 3411 364 3478 solis
377 3411 559 3501 corporibus
572 3411 695 3500 pacisci,
711 3413 844 3478 exclusis
857 3411 947 3478 bonis
960 3416 1014 3496 46,
1028 3413 1083 3500 38.
1117 3416 1205 3478 ἀθλεῖν
1219 3417 1260 3503 τῷ
1278 3417 1345 3480 σεῖε-

236 3524 307 3580 ματι
321 3515 376 3583 47,
391 3517 443 3584 37.
480 3500 539 3582 περὶ
554 3506 602 3563 τοῦ
615 3499 746 3582 σώματος
765 3499 862 3584 κρένειν
880 3505 953 3578 τινα,
968 3522 1112 3564 accusare
1132 3497 1269 3586 aliquem
1296 3499 1344 3566 de

236 3583 430 3672 ingenuitate
450 3600 507 3650 aut
527 3583 670 3650 libertate
691 3583 839 3672 eorporis,
854 3607 893 3650 ne
935 3583 998 3650 ndo
1019 3608 1090 3650 eum
1112 3583 1258 3662 liberum,
1275 3601 1344 3652 aut

236 3669 336 3738 civem
350 3695 415 3736 esse
428 3687 483 3756 50,
500 3689 551 3757 03.
573 3671 703 3752 σώματος
718 3671 851 3756 σωτηρέα,
913 3694 949 3735 us
963 3693 1010 3752 ea,
1027 3687 1063 3736 ut
1077 3669 1166 3736 licent
1179 3669 1265 3735 salva
1276 3671 1344 3738 bo-

236 3769 355 3822 nestate
370 3771 401 3822 et
415 3755 500 3822 salvo
509 3757 583 3844 jure
596 3755 689 3833 civili,
706 3755 791 3822 selvo
812 3755 923 3845 eapite,
937 3757 970 3820 in
991 3756 1115 3822 civitate
1136 3779 1261 3820 manere
1274 3777 1340 3843 51,

237 3843 267 3906 6.
314 3845 418 3906 δέδοται
432 3844 464 3905 τδ
483 3849 568 3924 σῶμα
585 3848 626 3926 τῷ
645 3841 754 3926 κινδύνῳ
767 3857 889 3927 50,(09.
933 3843 1118 3930 ταραδέδωσιν
1132 3847 1193 3926 ὑμῖν
1212 3845 1245 3906 τδ
1265 3845 1342 3926 ἐμεῖν

235 3935 319 4007 σοῖμα
335 3931 383 3992 καῖ
398 3926 456 4012 έγσδ
470 3928 518 3992 καῖ
533 3934 546 3990 ὁ
561 3927 638 4007 νέμος
651 3947 706 4014 50,
722 3927 778 3992 ult.
815 3933 881 3992 1τᾶ
896 3927 1022 4010 φέλτατα
1037 3931 1084 3992 καῖ
1099 3929 1255 3994 οἰκειότατοι
1268 3931 1337 3994 σαῖ-

234 4038 316 4095 ματα
329 4017 368 4095 μὴ
383 4016 507 4098 στέργων
522 4015 577 4094 64,
592 4033 644 4094 40.
682 4013 873 4098 διαγωνίζεται
888 4017 917 4077 οιῖ
932 4016 991 4101 περῖ
1006 4021 1055 4078 τοιῖ
1069 4013 1157 4102 κέριος
1172 4013 1270 4098 ἑτέραν
1295 4015 1342 4079 εῖ-

235 4125 291 4178 ναι,
305 4102 384 4164 έιλλοὶ
400 4100 459 4181 περὶ
474 4105 521 4176 τῆς
534 4105 583 4164 τοῦ
596 4099 727 4180 σώματος
741 4097 877 4186 σοοπηρέας
893 4115 945 4182 70,
962 4099 1014 4166 08.
1052 4099 1280 4186 αὐτοσχεδιάζειν
1297 4106 1340 4178 ε1ς

234 4187 272 4249 τὰ
286 4193 340 4248 τιῖιν
353 4185 495 4262 Ἐλλένων
509 4185 632 4266 σώματα
646 4187 699 4266 76,
720 4202 770 4249 10.
813 4183 1069 4272 παρακαταθέμενοι
1084 4191 1121 4248 τοὶ
1135 4186 1260 4268 σοῖματα
1274 4203 1340 4272 79,

236 4269 289 4334 28.
335 4269 450 4336 κίνδυνον
464 4271 592 4352 σώμασιν
613 4273 621 4296 '
642 4271 735 4350 άμενοι
752 4271 804 4350 81,
824 4273 874 4334 16.
916 4272 963 4334 έοῖν
977 4298 1018 4346 τις
1033 4273 1115 4335 αὑτὸν
1130 4270 1339 4358 διαχρήσηται,

233 4359 282 4434 τὴν
293 4359 392 4440 χεῖρα,
407 4357 455 4434 τὴν
469 4363 549 4420 τοῦτο
562 4297 722 4442 regiam,
733 4357 822 4443 χωρὶς
836 4362 885 4420 τοιῖ
904 4354 1035 4438 σώματος
1053 4353 1190 4439 θοέττομαν
1206 4356 1260 4438 88,
1272 4359 1340 4442 38.

234 4445 286 4515 τοῖς
299 4443 398 4526 δωρεὰς
412 4445 449 4516 εἰς
462 4441 568 4522 βελτέοο
581 4439 704 4525 σεἰματα
715 4443 763 4506 καῖ
774 4441 1007 4528 ἀξιολογωτέρους
1021 4439 1120 4528 διδρας
1133 4442 1263 4507 mns-
1273 4463 1339 4531 90,
