2896 4978
269 259 333 348 578
458 255 462 262 ·
722 265 878 332 runnx

313 434 457 520 ὀνηλάτης]
475 433 597 498 ὀπιιπιόν
611 434 658 498 καί
673 435 804 510 κωλύσας
814 437 879 510 τοὺς
893 433 1028 513 ὀνηλάτας
1041 437 1080 517 μὴ
1099 433 1211 521 ὀξᾶγινν
1230 437 1279 514 την
1296 432 1356 512 rim

270 524 303 584 la
317 527 364 598 τῆς
373 525 512 605 ἐσχατιᾶς
529 537 623 601 1040,
629 542 711 629 pen.

313 605 401 689 ὀιημι,
416 605 466 670 vel
480 605 594 691 ὀνίνημι]
614 631 696 680 ουτως
710 605 816 668 ὄναισθε
829 602 931 669 τούτων
944 603 989 670 ita
1003 604 1150 669 fruamini
1169 605 1256 670 hisce
1275 604 1358 670 bunis

271 689 557 773 841,10.;ὀνίνησι
576 695 615 754 rol
637 692 745 754 ἐναντία
768 691 955 773 ἐπιγενόμενα.
991 690 1127 754 conditio
1146 713 1254 756 rerum
1268 689 1357 778 priori

269 777 424 842 contraria
437 776 604 840 succedens
619 775 749 840 salutem
764 777 855 840 affert
868 779 908 839 A.
928 779 1000 853 116,
1018 793 1070 859 27.

313 863 413 946 ὀνησις]
432 863 462 926 τί
474 865 533 946 γὰρ
551 861 657 946 [idest
672 865 748 926 κατοὶ
762 863 803 946 τί]
822 869 836 939 ἡ
851 865 886 938 σὴ
900 861 1013 938 δεινότης
1028 868 1064 933 εἰς
1078 860 1166 938 ὀνησιν
1181 864 1240 940 ἥκει
1256 866 1288 946 τῇ
1307 887 1360 924 τα-

269 950 338 1034 τρίδι
352 965 428 1033 307,
446 951 497 1014 16.
541 947 629 1024 ὀνησιν
643 949 693 1030 μὲν
707 949 832 1028 οὐδεμίαν
847 948 979 1030 φέροντες,
994 950 1046 1010 οόδ’
1062 947 1169 1030 ὀεγοιίοῦ
1185 953 1284 1023 κτῆσιν
1294 948 1360 1009 οὐδε-

270 1037 312 1108 νός
326 1035 404 1119 318,
423 1053 472 1114 14
503 1033 648 1118 αὐτάρκεις
663 1033 723 1117 ἔχει
738 1037 790 1107 τὰς
805 1033 904 1108 ὀιίησεις
918 1035 974 1106 τοῖς
988 1032 1160 1114 κεκτημένοις
1178 1051 1275 1118 1393,
1289 1051 1354 1116 9.=

270 1119 359 1196 ὀνησιν
373 1125 420 1195 τῆς
433 1119 603 1193 παιδοποιΐας
618 1121 776 1204 ἀφαιρεῖται
791 1119 847 1182 AE.
861 1138 894 1202 3,
907 1136 941 1197 4.

314 1203 411 1289 ὄνομα]
433 1208 465 1266 ἐκ
487 1211 542 1266 τῶν
563 1203 701 1284 ὀνομάτων
725 1207 847 1284 μᾶλλον,
872 1204 887 1280 ἢ
911 1211 965 1266 τῶν
986 1202 1182 1286 πραγμάτων,
1194 1201 1360 1266 σκέπτεσθαι

273 1310 346 1371 114,
375 1310 425 1374 13.
470 1291 603 1370 ψήφισμα
628 1287 754 1374 ἄντικρυς
775 1289 835 1374 περί
858 1289 954 1352 τούτου
976 1293 1025 1350 τοῦ
1047 1287 1177 1370 ὀνόματος
1198 1287 1360 1373 γέγραπται

269 1378 346 1461 381,
361 1395 392 1459 3.
430 1375 473 1437 ὀπί
484 1379 524 1459 τῷ
537 1381 585 1450 τῆς
599 1374 704 1446 πόλεως
718 1373 839 1454 ὀνόματι.
877 1373 1024 1460 quonlam
1039 1395 1105 1458 proe
1124 1395 1156 1436 se
1177 1372 1286 1450 ferret,
1300 1373 1361 1436 fru-

270 1475 411 1526 mentum
426 1459 461 1524 id
474 1483 494 1524 a
507 1483 539 1524 se
553 1460 697 1524 Athenas
710 1472 904 1546 asportatum
918 1459 967 1522 iri.
997 1457 1130 1522 civitatis
1143 1480 1221 1544 ergo
1234 1457 1361 1544 accepit,

270 1546 331 1611 alio
346 1545 433 1609 nullo
448 1543 540 1609 titulo
554 1557 738 1633 accepturus
752 1560 829 1628 917,
846 1560 896 1627 17.
934 1542 995 1607 οὗτε
1009 1548 1068 1631 γὰρ
1083 1542 1154 1607 οὗτοι
1169 1551 1219 1607 τοῦ
1235 1544 1363 1625 ὀνόματος

270 1632 352 1710 δίηπου
366 1638 415 1694 τοῦ
430 1637 477 1708 τῆς
491 1635 633 1714 ἐπιτροπῆς
650 1633 702 1703 τοὶς
724 1629 801 1702 δίκας
823 1629 941 1707 ἐδίωκον,
956 1628 1011 1692 οὔτ’
1026 1633 1117 1692 ἐκεῖνοι
1133 1627 1263 1710 ’τοῦνομα
1284 1634 1361 1692 τοῦτο

270 1720 395 1781 ἐωνοῦντο
411 1717 487 1802 987,
496 1731 529 1801 5.
558 1715 615 1800 ὀγσί
626 1716 679 1798 μὲν
693 1713 723 1792 ἦν
737 1715 779 1778 ὀπί
795 1721 843 1778 τοῦ
858 1715 989 1798 ὀνόματος
999 1715 1095 1778 τούτου
1105 1716 1199 1778 πάντα
1209 1715 1256 1777 τόν
1265 1713 1364 1802 χςόνον

273 1821 367 1880 1000,
384 1820 434 1868 21.
478 1801 563 1882 ὀνομα
579 1801 666 1886 τούτῳ
681 1801 740 1863 ἐστί
763 1807 816 1862 τῶν
838 1804 864 1864 ἓν
886 1805 925 1884 τῷ
947 1799 1019 1886 νόμορ
1041 1799 1181 1884 εἰρημέναι
1198 1801 1296 1884 1058,
1315 1815 1362 1864 11.

272 1907 325 1970 17.
369 1887 454 1967 ὄνομα
469 1888 540 1949 οὐδὲν
555 1888 669 1950 ἐνταῦθά
685 1888 745 1948 ἐστι
759 1893 813 1950 τοῖιν
827 1889 859 1948 ἐκ
874 1891 922 1949 τοῦ
934 1885 1050 1970 Ἁγνίου
1065 1884 1138 1949 οίκου
1155 1887 1249 1962 1066,
1268 1885 1364 1949 8.11.

269 1978 309 2037 τὰ
329 1971 452 2053 ὀνόματα
472 1974 538 2059 παρ’
560 1972 692 2048 ἀλλήλων
712 1971 980 2056 παραλαμβάνοντες
1005 1971 1099 2048 1066,
1122 1989 1172 2056 13.
1218 1969 1307 2052 ὄνομα
1327 1974 1365 2054 τᾷ

268 2057 455 2143 πρεσβυτάτω
468 2064 549 2120 τοῦτο
562 2057 705 2120 ἀπέδωκα.
740 2078 854 2120 nomen
868 2055 919 2120 avi
933 2055 1107 2122 debebatur
1120 2069 1273 2143 nepotum
1289 2069 1365 2119 natu

269 2143 407 2208 maximo
424 2119 517 2291 1073,
532 2140 606 2240 1111.Ι
630 2140 839 2239 ubinonpihil
853 2141 893 2206 de
908 2141 976 2238 'ure
990 2141 1162 2240 nominum.
1199 2139 1298 2218 Quod
1313 2163 1365 2204 no-

269 2227 1367 2400 {⁰5⁰⁶}lfffsqssffllllllssl‘lllfflllssff‘lssllllffllffi

269 2399 500 2468 nominetenus
514 2421 595 2486 appe
637 2421 683 2477 ns,
698 2421 772 2506 ,μου
785 2421 820 2462 re
834 2421 897 2464 non
910 2412 1012 2464 essent
1030 2416 1123 2484 1351,
1142 2401 1267 2476 ιαεὶξ
1282 2403 1366 2462 ἄναν-

270 2487 285 2548 δ
303 2483 345 2560 ίοις
358 2483 427 2561 τινός
439 2487 488 2550 καί
503 2484 648 2559 κιναιδείας
662 2509 781 2566 τουννμα
795 2484 975 2568 ὀνεγκοίμονος
989 2485 1044 2547 AE.
1063 2487 1115 2563 18,
1132 2501 1184 2568 29.
1215 2484 1367 2560 ἐπεξελθεῖν

270 2511 389 2634 ὀίίαστον
403 2573 467 2634 κατ’
481 2568 566 2651 ὀνομα
580 2577 682 2652 πικρῶς
698 2586 750 2649 11,
763 2589 816 2649 40.
861 2570 1083 2654 ὀινοιμιχίήσεται
1104 2571 1132 2632 δὲ
1153 2570 1201 2632 καί
1224 2568 1255 2631 τό
1280 2568 1366 2650 ὄνομα

269 2655 451 2741 Ἀλεξάνδρου
474 2674 571 2736 14,1,
615 2655 769 2741 μεταφοραί
791 2654 930 2735 ὀνομάτων
951 2654 1234 2740 πεπραγματευμέναι
1258 2673 1314 2735 14,
1332 2674 1366 2738 5.

271 2739 392 2814 σόνόεσις
418 2748 470 2806 τῶν
492 2740 630 2822 ὀνομάτων
652 2740 707 2820 48,
728 2755 782 2826 37.
820 2738 1004 2824 δημοκρατίας
1026 2738 1112 2822 ὀνομα
1133 2743 1163 2803 οό
1185 2743 1241 2812 τοῖς
1264 2740 1367 2816 ἤθεσιν,

271 2829 351 2890 ἄλλοί
365 2831 398 2912 τῇ
413 2824 549 2911 κολακείᾳ
563 2826 748 2907 θεραπεύοντες
762 2843 817 2910 52,
831 2844 863 2905 4.
895 2826 927 2888 τό
941 2829 989 2899 τῆς
1003 2823 1174 2910 συμμαχίας
1189 2823 1276 2903 ὄνομα
1287 2829 1369 2908 ὀπρ-

270 2911 376 2991 ίβησοιν
390 2912 445 3007 63,
461 2929 514 2993 19.
558 2909 640 2987 ὀιηδία
654 2917 703 2973 τοῦ
720 2909 848 2995 λέγοντος
862 2907 925 2989 ἅμα
940 2911 987 2974 καί
1002 2915 1051 2974 τοῦ
1072 2910 1214 2990 ὀνόματος,
1229 2909 1368 2974 insuavi-

270 3009 329 3075 tas,
345 2995 510 3075 rusticitas,
525 2994 675 3073 scaevitas,
691 3008 723 3060 et
737 2993 970 3082 pronunciantis
989 3010 1021 3060 et
1035 2993 1178 3060 vocabuli
1197 2995 1298 3082 ipsius
1312 2998 1368 3076 64,

270 3101 303 3167 3.
341 3082 466 3145 κλέπτων
481 3083 529 3144 καί
545 3081 705 3165 μιταφόρων
725 3085 781 3156 τοῖς
803 3079 917 3162 ὀνόμοιοι
939 3083 977 3143 τοί
997 3081 1158 3166 πράγματα
1173 3094 1227 3166 73,
1243 3080 1366 3166 penult·

270 3170 387 3250 ὀιγατᾶν
400 3170 447 3244 τὴν
461 3175 515 3230 τῶν
530 3166 667 3246 ὀνομάτων
681 3166 802 3230 σόιίεσιν
818 3181 871 3248 74,
890 3185 919 3230 1.
962 3167 1001 3248 ἐφ’
1016 3163 1069 3250 ᾧτε
1088 3169 1126 3247 μὴ
1145 3167 1307 3252 ἐπιγράφειν
1329 3169 1368 3230 τὰ

270 3258 373 3316 ἑαυτῶν
388 3251 520 3331 ὀνόματα,
536 3274 575 3315 ne
592 3273 649 3316 sua
668 3251 794 3315 nomina
814 3250 1016 3316 inscriberent
1030 3251 1084 3329 80,
1097 3266 1130 3336 5.
1167 3250 1254 3333 ὄνομα
1276 3250 1369 3332 ὅμοιον

270 3335 338 3400 είνοι
354 3337 402 3400 καὶ
416 3339 447 3400 τὸ
463 3335 553 3421 ἔργον,
568 3336 698 3424 perinde
711 3335 859 3400 multatos
872 3359 949 3414 esse,
957 3336 1014 3423 qui
1027 3351 1258 3415 accusarentur,
1268 3351 1368 3423 atque

270 3420 327 3509 qui
340 3421 494 3502 fecissent,
508 3437 540 3486 et
553 3423 596 3486 rei
615 3422 731 3508 peracti
750 3423 919 3499 essent81‚
937 3440 989 3506 13.
1033 3425 1064 3500 ἐξ
1085 3421 1225 3503 ὀνομάτων
1245 3421 1368 3506 συγκεί-

269 3533 348 3591 μενος
363 3506 511 3594 ὀνθρωπος,
521 3508 615 3572 ίιουιο
629 3521 715 3572 totus
729 3531 746 3572 e
760 3506 919 3572 vocabulis
932 3507 1132 3594 compositus,
1143 3506 1200 3605 qui
1210 3506 1253 3570 nil
1267 3507 1369 3587 novit,

269 3592 330 3658 nisi
343 3615 428 3658 mern
442 3593 538 3659 verba
553 3596 605 3672 86,
622 3611 674 3677 17.
709 3597 797 3677 πικρὰ
811 3595 859 3670 καί
874 3619 907 3656 πε
925 3593 1007 3675 ίεργα
1021 3593 1143 3673 ὀνόματα
1157 3591 1237 3657 ibid.
1259 3594 1369 3672 φόένειν

270 3682 314 3744 ὀπί
337 3678 432 3762 ὄνομα,
453 3679 493 3742 ad
515 3678 640 3744 laudern
661 3678 809 3765 aliquam,
826 3619 1064 3765 appellationem
1086 3678 1302 3757 honorificam,
1317 3701 1369 3743 ac-

269 3787 403 3840 currere,
419 3787 518 3851 eaque
531 3765 713 3851 occupanda
725 3763 801 3832 alios
815 3763 987 3851 praevenire
1005 3777 1038 3828 et
1061 3762 1228 3828 excludere
1244 3766 1298 3850 89,
1317 3783 1368 3845 14.

269 3849 454 3933 καταφεύγειν
469 3851 512 3912 tri
527 3850 649 3929 ὀνόματα
664 3856 703 3935 τῷ
719 3848 809 3935 λόγῳ,
824 3849 864 3914 ud
880 3849 989 3914 laudes
1001 3849 1169 3915 immeritas
1183 3850 1368 3937 confugere,

268 3934 374 4032 iisque·
378 3935 589 4083 praemittendis
603 3935 740 4022 pericula
753 3935 945 4001 imminentia
962 3950 994 4001 et
1011 3959 1120 4022 poenas
1141 3937 1268 4000 meritas
1288 3937 1368 4000 effu-

269 4043 378 4130 gerat
400 4019 444 4086 ld·
486 4025 664 4108 περιποιεῖται
684 4025 752 4086 ariri
770 4023 861 4102 μόνον,
877 4021 996 4102 τοῦνομα
1018 4028 1063 4098 τῆς
1084 4021 1284 4104 δημοκρατίας,
1298 4024 1367 4086 τὸδ’

270 4131 350 4190 εργον
363 4103 461 4192 ίτίροις
474 4106 710 4191 παρακεχώρηκεν
726 4107 780 4190 89,
797 4125 848 4190 19.
893 4109 933 4170 ίτό
949 4107 1088 4188 ὀνομάτων
1102 4110 1147 4170 διὰ
1160 4113 1208 4182 τῆς
1223 4105 1367 4181 πολιτείας

268 4191 401 4270 πλέοντα,
417 4213 510 4289 super
524 4190 695 4277 magnificis
706 4191 834 4258 landum
848 4191 957 4270 titulis,
967 4191 1056 4278 quasi
1068 4215 1162 4278 super
1172 4191 1279 4258 lembo
1288 4215 1368 4279 quo-

268 4275 354 4354 dam,
369 4297 426 4362 per
444 4275 600 4342 civitatem
620 4276 735 4342 invehi.
772 4277 834 4354 vel,
850 4276 986 4342 insidens
1000 4277 1159 4342 vocabulis
1177 4279 1285 4358 meris,
1300 4293 1367 4342 tan-

269 4385 366 4448 quam
387 4361 508 4448 cymbae
529 4360 644 4449 fragili,
667 4385 723 4450 per
744 4361 860 4427 fluctus
881 4377 913 4426 et
935 4377 1132 4450 tempestates
1152 4365 1197 4428 rei
1224 4413 1232 4428 .
1258 4386 1366 4430 omnes

268 4445 480 4534 pernavigata.
517 4469 598 4538 ‚quoe
611 4463 658 4538 est
670 4446 791 4514 vanitas
809 4461 842 4514 et
859 4447 991 4515 audacia
1004 4449 1059 4535 89,
1073 4387 1266 4531 41.ε-.Φίλην
1281 4447 1365 4533 ὄνομα
